
@article{adriani_clusters_2018,
  author = {Adriani, A. and Mura, A. and Orton, G. and Hansen, C. and Altieri, F. and Moriconi, M. L. and Rogers, J. and Eichst\"adt, G. and Momary, T. and Ingersoll, A. P. and Filacchione, G. and Sindoni, G. and Tabataba-Vakili, F. and Dinelli, B. M. and Fabiano, F. and Bolton, S. J. and Connerney, J. E. P. and Atreya, S. K. and Lunine, J. I. and Tosi, F. and Migliorini, A. and Grassi, D. and Piccioni, G. and Noschese, R. and Cicchetti, A. and Plainaki, C. and Olivieri, A. and O'Neill, M. E. and Turrini, D. and Stefani, S. and Sordini, R. and Amoroso, M.},
  date = {2018-03},
  doi = {10.1038/nature25491},
  issn = {0028-0836, 1476-4687},
  journaltitle = {Nature},
  langid = {english},
  number = {7695},
  pages = {216-219},
  title = {Clusters of Cyclones Encircling {{Jupiter}}'s Poles},
  volume = {555}
}

@book{ApazidisEliasson2018,
  author = {Apazidis, N. and Eliasson, V.},
  date = {2018},
  publisher = {{Springer}},
  title = {Shock {{Focusing Phenomena}}}
}

@article{Arai1994,
  author = {Arai, M. and Yamagata, T.},
  date = {1994},
  journaltitle = {Chaos},
  pages = {163-173},
  title = {Asymmetric Evolution of Eddies in Rotating Shallow Water},
  volume = {4}
}

@article{ascher1997implicit,
  author = {Ascher, Uri M and Ruuth, Steven J and Spiteri, Raymond J},
  date = {1997},
  journaltitle = {Appl. Numer. Math.},
  number = {2-3},
  pages = {151-167},
  publisher = {{Elsevier}},
  title = {Implicit-Explicit {{Runge}}-{{Kutta}} Methods for Time-Dependent Partial Differential Equations},
  volume = {25}
}

@article{Asselin2017,
  author = {Asselin, O. and Bartello, P. and Straub, D. N.},
  date = {2017},
  journaltitle = {J Atmos Sci},
  title = {On {{Boussinesq}} Dynamics near the Tropopause},
  volume = {Under revision}
}

@article{atkinson_efficient_2009,
  author = {Atkinson, Callum and Soria, Julio},
  date = {2009-10-01},
  doi = {10.1007/s00348-009-0728-0},
  issn = {0723-4864, 1432-1114},
  journaltitle = {Exp Fluids},
  langid = {english},
  number = {4-5},
  pages = {553},
  title = {An Efficient Simultaneous Reconstruction Technique for Tomographic Particle Image Velocimetry},
  volume = {47}
}

@inproceedings{augier_fluidimage_2016,
  author = {Augier, Pierre and Bonamy, Cyrille and Campagne, Antoine and Mohanan, Ashwin Vishnu},
  booktitle = {Congr\`es {{Francophone}} de {{Techniques Laser}} ({{CFTL}})},
  date = {2016-09},
  note = {Published: Congr\`es Francophone de Techniques Laser (CFTL)},
  publisher = {{AFVL}},
  title = {{{FluidImage}}, a Libre Framework for Scientific Treatments of Large Sets of Images},
  url = {https://hal.archives-ouvertes.fr/hal-01396688}
}

@inproceedings{augier_fluidimage_2016,
  author = {Augier, Pierre and Bonamy, Cyrille and Campagne, Antoine and Mohanan, Ashwin Vishnu},
  booktitle = {Congr\`es {{Francophone}} de {{Techniques Laser}} ({{CFTL}})},
  copyright = {All rights reserved},
  date = {2016-09},
  note = {Published: Congr\`es Francophone de Techniques Laser (CFTL)},
  publisher = {{AFVL}},
  title = {{{FluidImage}}, a {{Libre Framework}} for {{Scientific Treatments}} of {{Large Sets}} of {{Images}}}
}

@online{augier_fluidlab_nodate,
  author = {Augier, Pierre and Salort, Julien},
  title = {{{FluidLab}} Documentation},
  url = {https://fluidlab.readthedocs.io/en/latest/}
}

@article{augier_kolmogorov_2012-1,
  author = {Augier, Pierre and Galtier, S\'ebastien and Billant, Paul},
  date = {2012-10},
  doi = {10.1017/jfm.2012.379},
  issn = {1469-7645, 0022-1120},
  journaltitle = {J. Fluid Mech.},
  keywords = {homogeneous turbulence,stratified flows,stratified turbulence},
  langid = {english},
  pages = {659-670},
  title = {Kolmogorov Laws for Stratified Turbulence},
  volume = {709}
}

@article{augier_shallow_2019,
  author = {Augier, Pierre and Mohanan, Ashwin Vishnu and Lindborg, Erik},
  date = {2019-09},
  doi = {10.1017/jfm.2019.375},
  issn = {0022-1120, 1469-7645},
  journaltitle = {J. Fluid Mech.},
  keywords = {shock waves,turbulence theory},
  langid = {english},
  pages = {1169-1196},
  title = {Shallow Water Wave Turbulence},
  volume = {874}
}

@article{Augier-Lindborg:2013,
  author = {Augier, P. and Lindborg, E.},
  date = {2013},
  doi = {10.1175/JAS-D-12-0281.1},
  journaltitle = {J Atmos Sci},
  number = {7},
  pages = {2293-2308},
  title = {A New Formulation of the Spectral Energy Budget of the Atmosphere, with Application to Two High-Resolution General Circulation Models},
  volume = {70}
}

@article{Augier2012,
  author = {Augier, Pierre and Chomaz, Jean-Marc and Billant, Paul},
  date = {2012-12},
  doi = {10.1017/jfm.2012.437},
  issn = {0022-1120, 1469-7645},
  journaltitle = {J. Fluid Mech.},
  keywords = {instability,stratified flows,transition to turbulence},
  langid = {english},
  pages = {86-108},
  title = {Spectral Analysis of the Transition to Turbulence from a Dipole in Stratified Fluid},
  volume = {713}
}

@article{AugierBillantChomaz2015,
  author = {Augier, Pierre and Billant, Paul and Chomaz, Jean-Marc},
  date = {2015-04},
  doi = {10.1017/jfm.2015.76},
  issn = {0022-1120, 1469-7645},
  journaltitle = {J. Fluid Mech.},
  langid = {english},
  pages = {403-443},
  shorttitle = {Stratified Turbulence Forced with Columnar Dipoles},
  title = {Stratified Turbulence Forced with Columnar Dipoles: Numerical Study},
  volume = {769}
}

@article{AugierBillantChomaz2015,
  author = {Augier, P. and Billant, P. and Chomaz, J.-M.},
  date = {2015},
  doi = {10.1017/jfm.2015.76},
  journaltitle = {J Fluid Mech},
  pages = {403-443},
  title = {Stratified Turbulence Forced with Columnar Dipoles. {{Numerical}} Study.},
  volume = {769}
}

@article{AugierBillantNegrettiChomaz2013,
  author = {Augier, P. and Billant, P. and Negretti, M. E. and Chomaz, J.-M.},
  date = {2014-04-01},
  doi = {10.1063/1.4870703},
  issn = {1070-6631},
  journaltitle = {Physics of Fluids},
  number = {4},
  pages = {046603},
  title = {Experimental Study of Stratified Turbulence Forced with Columnar Dipoles},
  volume = {26}
}

@article{AugierBillantNegrettiChomaz2013,
  author = {Augier, P. and Billant, P. and Negretti, M. E. and Chomaz, J.-M.},
  date = {2014},
  doi = {10.1063/1.4870703},
  journaltitle = {Phys Fluids},
  number = {4},
  title = {Experimental Study of Stratified Turbulence Forced with Columnar Dipoles},
  volume = {26}
}

@article{AugierChomazBillant2012,
  author = {Augier, P. and Chomaz, J.-M. and Billant, P.},
  date = {2012},
  journaltitle = {J Fluid Mech},
  pages = {86-108},
  title = {Spectral Analysis of the Transition to Turbulence from a Dipole in Stratified Fluids},
  volume = {713}
}

@article{AugierLindborg2013,
  author = {Augier, P. and Lindborg, E.},
  date = {2013},
  journaltitle = {J Atmos Sci},
  pages = {2293-2308},
  title = {A {{New Formulation}} of the {{Spectral Energy Budget}} of the {{Atmosphere}}, {{With Application}} to {{Two High}}-{{Resolution General Circulation Models}}},
  volume = {70}
}

@article{AugierMohananLindborg2017,
  author = {Augier, P. and Mohanan, A. V. and Lindborg, E.},
  date = {2017},
  journaltitle = {J Fluid Mech},
  title = {Wave Energy Cascade in Forced-Dissipative One-Layer Shallow Water Flows},
  volume = {Submitted}
}

@article{Bacmeister-Eckermann-Newman-Lait-Chan-Loewenstein-Proffitt-Gary:1996,
  author = {Bacmeister, J. T. and Eckermann, S. D. and Newman, P. A. and Lait, L. and Chan, K. R. and Loewenstein, M. and Proffitt, M. H. and Gary, B. L.},
  date = {1996},
  doi = {10.1029/95JD03835},
  journaltitle = {J. Geophys. Res. Atmospheres},
  number = {D5},
  pages = {9441-9470},
  title = {Stratospheric Horizontal Wavenumber Spectra of Winds, Potential Temperature, and Atmospheric Tracers Observed by High-Altitude Aircraft},
  volume = {101}
}

@book{Baines1998,
  author = {Baines, P. G.},
  date = {1998},
  publisher = {{Cambridge University Press}},
  title = {Topographic Effects in Stratified Flows}
}

@misc{baird_helmholtz_2012,
  author = {Baird, Christopher S},
  date = {2012},
  langid = {english},
  publisher = {{University of Massachusetts Lowell}},
  title = {Helmholtz {{Decomposition}} of {{Vector Fields}}},
  url = {http://wtamu.edu/~cbaird/SuppHelmholtzDecomposition.pdf}
}

@article{Barry,
  author = {Barry, Michael E and Ivey, Gregory N and Winters, Kraig B and Imberger, J\"org},
  date = {2001},
  doi = {10.1017/S0022112001005080},
  journaltitle = {J Fluid Mech},
  pages = {267-291},
  title = {Measurements of Diapycnal Diffusivities in Stratified Fluids},
  volume = {442}
}

@article{bartello_geostrophic_1995,
  author = {Bartello, P.},
  date = {1995},
  doi = {10.1175/1520-0469(1995)052<4410:GAAICI>2.0.CO;2},
  journaltitle = {J. Atmospheric Sci.},
  number = {24},
  pages = {4410-4428},
  title = {Geostrophic Adjustment and Inverse Cascades in Rotating Stratified Turbulence},
  volume = {52}
}

@article{Bartello:1995,
  author = {Bartello, P.},
  date = {1995},
  doi = {10.1175/1520-0469(1995)052<4410:GAAICI>2.0.CO;2},
  journaltitle = {J Atmos Sci},
  number = {24},
  pages = {4410-4428},
  title = {Geostrophic {{Adjustment}} and {{Inverse Cascades}} in {{Rotating Stratified Turbulence}}},
  volume = {52}
}

@article{Bartello1995,
  author = {Bartello, P.},
  date = {1995},
  doi = {10.1175/1520-0469(1995)052<4410:GAAICI>2.0.CO;2},
  journaltitle = {J Atmos Sci},
  number = {24},
  pages = {4410-4428},
  title = {Geostrophic Adjustment and Inverse Cascades in Rotating Stratified Turbulence},
  volume = {52}
}

@article{behnel_cython2011,
  author = {Behnel, Stefan and Bradshaw, Robert and Citro, Craig and Dalcin, Lisandro and Seljebotn, Dag Sverre and Smith, Kurt},
  date = {2011-03},
  doi = {10.1109/MCSE.2010.118},
  issn = {1521-9615},
  journaltitle = {Comput. Sci. Eng.},
  number = {2},
  pages = {31-39},
  shorttitle = {Cython},
  title = {Cython: {{The Best}} of {{Both Worlds}}},
  volume = {13}
}

@article{Bierdel-Snyder-Park-Skamarock:2016,
  author = {Bierdel, L. and Snyder, C. and Park, S. H. and Skamarock, W. C.},
  date = {2016},
  doi = {10.1175/JAS-D-16-0040.1},
  journaltitle = {J Atmos Sci},
  number = {8},
  pages = {3273-3286},
  title = {Accuracy of Rotational and Divergent Kinetic Energy Spectra Diagnosed from Flight-Track Winds},
  volume = {73}
}

@article{billant_experimental_2000,
  author = {Billant, Paul and Chomaz, Jean-Marc},
  date = {2000-09},
  doi = {10.1017/S0022112000001154},
  issn = {1469-7645, 0022-1120},
  journaltitle = {J. Fluid Mech.},
  langid = {english},
  pages = {167-188},
  title = {Experimental Evidence for a New Instability of a Vertical Columnar Vortex Pair in a Strongly Stratified Fluid},
  volume = {418}
}

@article{billant_self-similarity_2001-1,
  author = {Billant, Paul and Chomaz, Jean-Marc},
  date = {2001-05-16},
  doi = {10.1063/1.1369125},
  issn = {1070-6631},
  journaltitle = {Physics of Fluids},
  number = {6},
  pages = {1645-1651},
  title = {Self-Similarity of Strongly Stratified Inviscid Flows},
  volume = {13}
}

@article{Billant2001,
  author = {Billant, P. and Chomaz, J.-M..},
  date = {2001},
  journaltitle = {Phys. Fluids},
  pages = {1645},
  title = {Self-Similarity of Strongly Stratified Inviscid Flows},
  volume = {13}
}

@article{Billant2001,
  author = {Billant, P. and Chomaz, J.-M..},
  date = {2001},
  journaltitle = {Phys. Fluids},
  pages = {1645},
  title = {Self-Similarity of Strongly Stratified Inviscid Flows},
  volume = {13}
}

@article{BillantChomaz2001,
  author = {Billant, P. and Chomaz, J.-M.},
  date = {2001},
  journaltitle = {Phys Fluids},
  pages = {1645-1651},
  title = {Self-Similarity of Strongly Stratified Inviscid Flows},
  volume = {13}
}

@article{BillantDeloncleChomazOtheguy2010,
  author = {Billant, P. and Deloncle, A. and Chomaz, J.-M. and Otheguy, P.},
  date = {2010},
  doi = {10.1017/S002211201000282X},
  journaltitle = {J Fluid Mech},
  pages = {396--429},
  publisher = {{Cambridge University Press}},
  title = {Zigzag Instability of Vortex Pairs in Stratified and Rotating Fluids. {{Part}} 2. {{Analytical}} and Numerical Analyses.},
  volume = {660}
}

@article{Boffetta2012,
  author = {Boffetta, G. and Ecke, R. E.},
  date = {2012},
  doi = {10.1146/annurev-fluid-120710-101240},
  journaltitle = {Annu Rev Fluid Mech},
  pages = {427-51},
  title = {Two-{{Dimensional Turbulence}}},
  volume = {44}
}

@article{BouchaudMezardParisi1995,
  author = {Bouchaud, J. P. and M\'ezard, M. and Parisi, G.},
  date = {1995-10-01},
  doi = {10.1103/PhysRevE.52.3656},
  journaltitle = {Phys. Rev. E},
  keywords = {\#nosource},
  number = {4},
  pages = {3656-3674},
  title = {Scaling and Intermittency in {{Burgers}} Turbulence},
  volume = {52}
}

@article{boulle_high-performance_2019,
  author = {Boulle, A. and Kieffer, J.},
  date = {2019-08-01},
  doi = {10.1107/S1600576719008471},
  issn = {1600-5767},
  journaltitle = {J Appl Crystallogr},
  langid = {english},
  number = {4},
  pages = {882-897},
  title = {High-Performance {{Python}} for Crystallographic Computing},
  volume = {52}
}

@book{bracewell_fourier_2014,
  author = {Bracewell, Ronald N.},
  date = {2014},
  edition = {3rd edition},
  isbn = {978-93-392-0484-6},
  langid = {english},
  pagetotal = {14},
  publisher = {{Mc Graw Hill India}},
  title = {The {{Fourier Transform}} and {{Its Applications}}}
}

@book{bradski_learning_2008,
  author = {Bradski, Gary and Kaehler, Adrian},
  date = {2008-09-24},
  eprinttype = {googlebooks},
  isbn = {978-0-596-55404-0},
  keywords = {Computers / Computer Vision & Pattern Recognition,Computers / Programming Languages / C,Technology & Engineering / Robotics},
  langid = {english},
  pagetotal = {579},
  publisher = {{"O'Reilly Media, Inc."}},
  shorttitle = {Learning {{OpenCV}}},
  title = {Learning {{OpenCV}}: {{Computer Vision}} with the {{OpenCV Library}}}
}

@article{brethouwer_numerical_2009,
  author = {Brethouwer, G. and Lindborg, E.},
  date = {2009-07},
  doi = {10.1017/S0022112009006788},
  issn = {1469-7645, 0022-1120},
  journaltitle = {J. Fluid Mech.},
  langid = {english},
  pages = {149-163},
  title = {Numerical Study of Vertical Dispersion by Stratified Turbulence},
  volume = {631}
}

@article{Brethouwer-Billant-Lindborg-Chomaz:2007,
  author = {Brethouwer, G. and Billant, P. and Lindborg, E. and Chomaz, J.-M.},
  date = {2007},
  doi = {10.1017/S002211200700685},
  journaltitle = {J Fluid Mech},
  pages = {343-368},
  title = {Scaling Analysis and Simulation of Strongly Stratified Turbulent Flows},
  volume = {585}
}

@article{Brethouwer2007,
  author = {Brethouwer, G. and Billant, P. and Lindborg, E. and Chomaz, J.-M.},
  date = {2007-08},
  doi = {10.1017/S0022112007006854},
  issn = {0022-1120, 1469-7645},
  journaltitle = {J. Fluid Mech.},
  langid = {english},
  pages = {343-368},
  title = {Scaling Analysis and Simulation of Strongly Stratified Turbulent Flows},
  volume = {585}
}

@article{BrethouwerBillantLindborg2007,
  author = {Brethouwer, G. and Billant, P. and Lindborg, E. and Chomaz, J.-M.},
  date = {2007},
  journaltitle = {J Fluid Mech},
  pages = {343-368},
  title = {Scaling Analysis and Simulation of Strongly Stratified Turbulent Flows},
  volume = {585}
}

@article{BrethouwerBillantLindborg2007,
  author = {Brethouwer, G. and Billant, P. and Lindborg, E. and Chomaz, J.-M.},
  date = {2007},
  journaltitle = {J Fluid Mech},
  pages = {343-368},
  title = {Scaling Analysis and Simulation of Strongly Stratified Turbulent Flows},
  volume = {585}
}

@article{BrethouwerLindborg2009,
  author = {Brethouwer, G. and Lindborg, E..},
  date = {2009},
  journaltitle = {J Fluid Mech},
  pages = {149-163},
  title = {Numerical Study of Vertical Dispersion by Stratified Turbulence},
  volume = {631}
}

@article{BrethouwerLindborg2009,
  author = {Brethouwer, G. and Lindborg, E..},
  date = {2009},
  journaltitle = {J Fluid Mech},
  pages = {149-163},
  title = {Numerical Study of Vertical Dispersion by Stratified Turbulence},
  volume = {631}
}

@article{Brune-Becker:2013,
  author = {Brune, S. and Becker, E.},
  date = {2013},
  doi = {10.1175/JAS-D-12-025.1},
  journaltitle = {J Atmos Sci},
  number = {1},
  pages = {231-247},
  title = {Indications of {{Stratified Turbulence}} in a {{Mechanistic GCM}}},
  volume = {70}
}

@article{bryden_slowing_2005,
  author = {Bryden, Harry L. and Longworth, Hannah R. and Cunningham, Stuart A.},
  date = {2005-12},
  doi = {10.1038/nature04385},
  issn = {1476-4687},
  journaltitle = {Nature},
  langid = {english},
  number = {7068},
  pages = {655},
  title = {Slowing of the {{Atlantic}} Meridional Overturning Circulation at 25\textdegree{} {{N}}},
  volume = {438}
}

@article{buhler_wavevortex_2014,
  author = {B\"uhler, Oliver and Callies, J\"orn and Ferrari, Raffaele},
  date = {2014-10-10},
  doi = {10.1017/jfm.2014.488},
  issn = {0022-1120, 1469-7645},
  journaltitle = {J. Fluid Mech.},
  langid = {english},
  pages = {1007-1026},
  title = {Wave\textendash{}Vortex Decomposition of One-Dimensional Ship-Track Data},
  volume = {756}
}

@article{Buhler-Callies-Ferrari:2014,
  author = {B\"uhler, O. and Callies, J. and Ferrari, R.},
  date = {2014},
  doi = {10.1017/jfm.2014.488},
  journaltitle = {J Fluid Mech},
  pages = {1007-1026},
  title = {Wave--Vortex Decomposition of One-Dimensional Ship-Track Data},
  volume = {756}
}

@article{Buhler1998,
  author = {B\"uhler, Oliver},
  date = {1998-09-01},
  doi = {10.1175/1520-0469(1998)055<2884:ASWMTP>2.0.CO;2},
  issn = {0022-4928},
  journaltitle = {J. Atmos. Sci.},
  number = {17},
  pages = {2884-2891},
  title = {A {{Shallow}}-{{Water Model}} That {{Prevents Nonlinear Steepening}} of {{Gravity Waves}}},
  volume = {55}
}

@article{Burgers1948,
  author = {Burgers, J. M.},
  date = {1948},
  journaltitle = {Adv. Appl. Mech.},
  pages = {95-114},
  title = {A {{Mathematical Model Illustrating}} the {{Theory}} of {{Turbulence}}},
  volume = {47}
}

@article{burns_dedalus,
  author = {Burns, KJ and Vasil, GM and Oishi, JS and Lecoanet, D and Brown, BP and Quataert, E},
  publisher = {{preparation}},
  title = {Dedalus: {{A Flexible Pseudo}}-{{Spectral Framework}} for {{Solving Partial Differential Equations}}},
  url = {https://dedalus-project.org}
}

@article{callies_transition_2014,
  author = {Callies, J\"orn and Ferrari, Raffaele and B\"uhler, Oliver},
  date = {2014-12-02},
  doi = {10.1073/pnas.1410772111},
  eprint = {25404349},
  eprinttype = {pmid},
  issn = {0027-8424},
  journaltitle = {Proc Natl Acad Sci U S A},
  keywords = {\#nosource},
  number = {48},
  pages = {17033-17038},
  pmcid = {PMC4260586},
  title = {Transition from Geostrophic Turbulence to Inertia\textendash{}Gravity Waves in the Atmospheric Energy Spectrum},
  volume = {111}
}

@article{Callies-Buhler-Ferrari:2016,
  author = {Callies, J. and B\"uhler, O. and Ferrari, R.},
  date = {2016},
  doi = {10.1175/JAS-D-16-0108.1},
  journaltitle = {J Atmos Sci},
  number = {12},
  pages = {4853-4872},
  title = {The Dynamics of Mesoscale Winds in the Upper Troposphere and Lower Stratosphere},
  volume = {73}
}

@article{Callies-Ferrari-Buhler:2014,
  author = {Callies, J. and Ferrari, R. and B\"uhler, O.},
  date = {2014},
  doi = {10.1073/pnas.1410772111},
  journaltitle = {Proc. Natl. Acad. Sci.},
  number = {48},
  pages = {17033-17038},
  title = {Transition from Geostrophic Turbulence to Inertia--Gravity Waves in the Atmospheric Energy Spectrum},
  volume = {111}
}

@inproceedings{campagne2016,
  author = {Campagne, Antoine and Alfredsson, Henrik and Chassagne, R\'emi and Micard, Diane and Mordant, Nicolas and Segalini, Antonio and Sommeria, Joel and Viboud, Samuel and Mohanan, Ashwin Vishnu and Lindborg, Erik and others},
  booktitle = {International {{Symposium}} on {{Stratified Flows}}},
  date = {2016},
  title = {First Report of the {{MILESTONE}} Experiment: Strongly Stratified Turbulence and Mixing Efficiency in the {{Coriolis}} Platform},
  volume = {1}
}

@incollection{canuto_algorithms_1988,
  author = {Canuto, Claudio and Hussaini, M. Yousuff and Quarteroni, Alfio and Zang, Thomas A.},
  booktitle = {Spectral {{Methods}} in {{Fluid Dynamics}}},
  date = {1988},
  doi = {10.1007/978-3-642-84108-8_7},
  isbn = {978-3-540-52205-8 978-3-642-84108-8},
  langid = {english},
  pages = {201-239},
  publisher = {{Springer, Berlin, Heidelberg}},
  series = {Springer {{Series}} in {{Computational Physics}}},
  title = {Some {{Algorithms}} for {{Unsteady Navier}}\textemdash{{Stokes Equations}}}
}

@article{carton_reanalysis_2008,
  author = {Carton, James A. and Giese, Benjamin S.},
  date = {2008-08-01},
  doi = {10.1175/2007MWR1978.1},
  issn = {0027-0644},
  journaltitle = {Mon. Wea. Rev.},
  number = {8},
  pages = {2999-3017},
  title = {A {{Reanalysis}} of {{Ocean Climate Using Simple Ocean Data Assimilation}} ({{SODA}})},
  volume = {136}
}

@article{carton_soda3_2018,
  author = {Carton, James A. and Chepurin, Gennady A. and Chen, Ligang},
  date = {2018-05-22},
  doi = {10.1175/JCLI-D-18-0149.1},
  issn = {0894-8755},
  journaltitle = {J. Climate},
  number = {17},
  pages = {6967-6983},
  shorttitle = {{{SODA3}}},
  title = {{{SODA3}}: {{A New Ocean Climate Reanalysis}}},
  volume = {31}
}

@article{Caulfield,
  author = {Caulfield, CP and Peltier, WR},
  date = {2000},
  journaltitle = {J Fluid Mech},
  pages = {1-47},
  title = {The Anatomy of the Mixing Transition in Homogeneous and Stratified Free Shear Layers},
  volume = {413}
}

@article{charney_numerical_1950,
  author = {Charney, J. G. and Fj\"ortoft, R. and Neumann, J. Von},
  date = {1950-01-01},
  doi = {10.3402/tellusa.v2i4.8607},
  issn = {0040-2826},
  journaltitle = {Tellus},
  number = {4},
  pages = {237-254},
  title = {Numerical {{Integration}} of the {{Barotropic Vorticity Equation}}},
  volume = {2}
}

@article{Charney1971,
  author = {Charney, J. G.},
  date = {1971},
  journaltitle = {J Atmos Sci},
  number = {6},
  pages = {1087-1095},
  title = {Geostrophic Turbulence},
  volume = {28}
}

@article{Charney1973,
  author = {Charney, J. G.},
  date = {1973},
  journaltitle = {B Am. Meteo Soc},
  number = {7},
  pages = {740},
  title = {Geostrophic Turbulence},
  volume = {54}
}

@article{Cho1996,
  author = {Cho, Y. Y.-K. and Polvani, L. M.},
  date = {1996},
  journaltitle = {Phys Fluids},
  pages = {1531-1552},
  title = {The Emergence of Jets and Vortices in Freely Evolving, Shallow Water Turbulence on a Sphere},
  volume = {8}
}

@article{ChoLindborg2001,
  author = {Cho, John Y. N. and Lindborg, Erik},
  date = {2001},
  doi = {10.1029/2000JD900814},
  issn = {2156-2202},
  journaltitle = {J. Geophys. Res. Atmospheres},
  langid = {english},
  number = {D10},
  pages = {10223-10232},
  shorttitle = {Horizontal Velocity Structure Functions in the Upper Troposphere and Lower Stratosphere},
  title = {Horizontal Velocity Structure Functions in the Upper Troposphere and Lower Stratosphere: 1. {{Observations}}},
  volume = {106}
}

@article{cooley_tukey,
  author = {Cooley, James W. and Tukey, John W.},
  date = {1965},
  journaltitle = {Math. Comput.},
  number = {90},
  pages = {297-301},
  title = {An {{Algorithm}} for the {{Machine Calculation}} of {{Complex Fourier Series}}},
  volume = {19}
}

@article{cornillon_opendap_2003,
  author = {Cornillon, P. and Gallagher, J. and Sgouros, T.},
  date = {2003},
  doi = {10.2481/dsj.2.164},
  issn = {1683-1470},
  journaltitle = {Data Sci. J.},
  langid = {english},
  pages = {164-174},
  shorttitle = {{{OPeNDAP}}},
  title = {{{OPeNDAP}}: {{Accessing}} Data in a Distributed, Heterogeneous Environment},
  volume = {2}
}

@article{cornillon_opendap_2003,
  author = {Cornillon, P. and Gallagher, J. and Sgouros, T.},
  date = {2003},
  doi = {10.2481/dsj.2.164},
  issn = {1683-1470},
  journaltitle = {Data Sci. J.},
  pages = {164-174},
  shorttitle = {{{OPeNDAP}}},
  title = {{{OPeNDAP}}: {{Accessing}} Data in a Distributed, Heterogeneous Environment},
  volume = {2}
}

@article{Cushman1990,
  author = {Cushman-Roisin, B. and Tang, B.},
  date = {1990},
  journaltitle = {J Phys Ocean},
  pages = {197-113},
  title = {Geostrophic Turbulence and Emergence of Eddies beyond the Radius of Deformation},
  volume = {20}
}

@incollection{davidson_recent_2012,
  author = {Riley, James J. and Lindborg, Erik},
  booktitle = {Ten {{Chapters}} in {{Turbulence}}},
  date = {2012},
  doi = {10.1017/CBO9781139032810.008},
  editor = {Davidson, Peter A. and Kaneda, Yukio and Sreenivasan, Katepalli R.},
  isbn = {978-1-139-03281-0},
  langid = {english},
  location = {{Cambridge}},
  pages = {269-317},
  publisher = {{Cambridge University Press}},
  title = {Recent {{Progress}} in {{Stratified Turbulence}}},
  url = {https://www.cambridge.org/core/product/identifier/CBO9781139032810A055/type/book_part}
}

@inproceedings{de_raadt_language_2003,
  author = {family=Raadt, given=Michael, prefix=de, useprefix=true and Watson, Richard and Toleman, Mark},
  date = {2003-01-01},
  eventtitle = {Proceedings of the Fifth {{Australasian}} Conference on {{Computing}} Education - {{Volume}} 20},
  isbn = {978-0-909925-98-7},
  pages = {137-142},
  publisher = {{Australian Computer Society, Inc.}},
  shorttitle = {Language Tug-of-War},
  title = {Language Tug-of-War: Industry Demand and Academic Choice},
  url = {http://dl.acm.org/citation.cfm?id=858403.858420}
}

@article{DeloncleBillantChomaz2008,
  author = {Deloncle, Axel and Billant, Paul and Chomaz, Jean-Marc},
  date = {2008},
  journaltitle = {J. Fluid Mech.},
  pages = {229-239},
  publisher = {{Cambridge University Press}},
  title = {Nonlinear Evolution of the Zigzag Instability in Stratified Fluids: A Shortcut on the Route to Dissipation},
  volume = {599}
}

@article{Deusebio-Augier-Lindborg:2014,
  author = {Deusebio, E. and Augier, P. and Lindborg, E.},
  date = {2014},
  doi = {10.1017/jfm.2014.414},
  journaltitle = {J Fluid Mech},
  pages = {294-313},
  title = {Third-Order Structure Functions in Rotating and Stratified Turbulence: A Comparison between Numerical, Analytical and Observational Results},
  volume = {755}
}

@article{Deusebio-Vallgren-Lindborg:2013,
  author = {Deusebio, Enrico and Vallgren, A. and Lindborg, E.},
  date = {2013-04},
  doi = {10.1017/jfm.2012.611},
  issn = {0022-1120, 1469-7645},
  journaltitle = {J. Fluid Mech.},
  keywords = {geostrophic turbulence,rotating turbulence,stratified turbulence},
  langid = {english},
  pages = {66-103},
  title = {The Route to Dissipation in Strongly Stratified and Rotating Flows},
  volume = {720}
}

@article{dewan_stratospheric_1979-1,
  author = {Dewan, Edmond M.},
  date = {1979-05-25},
  doi = {10.1126/science.204.4395.832},
  eprint = {17730524},
  eprinttype = {pmid},
  issn = {0036-8075, 1095-9203},
  journaltitle = {Science},
  langid = {english},
  number = {4395},
  pages = {832-835},
  title = {Stratospheric {{Wave Spectra Resembling Turbulence}}},
  volume = {204}
}

@article{Dewan:1979,
  author = {Dewan, E. M.},
  date = {1979},
  doi = {10.1126/science.204.4395.832},
  journaltitle = {Science},
  number = {4395},
  pages = {832-835},
  title = {Stratospheric Wave Spectra Resembling Turbulence},
  volume = {204}
}

@article{Dritschel2001,
  author = {Mohebaljeh, A. R. and Dritchel, D. G.},
  date = {2001},
  journaltitle = {J Atmos Sci},
  pages = {2411-2426},
  title = {Herarchies of {{Balance Conditions}} for the f -Plane {{Shallow}}-{{Water Equations}}},
  volume = {58}
}

@article{ElGrimshawSmyth2006,
  author = {El, G. A. and Grimshaw, R. H. J. and Smyth, N. F.},
  date = {2006},
  doi = {10.1063/1.2175152},
  eid = {027104},
  journaltitle = {Phys. Fluids 1994-Present},
  number = {2},
  title = {Unsteady Undular Bores in Fully Nonlinear Shallow-Water Theory},
  volume = {18}
}

@article{Falkovich2010,
  author = {Falkovich, G. and Fouxon, I. and Oz, Y.},
  date = {2010-02},
  doi = {10.1017/S0022112009993429},
  issn = {0022-1120, 1469-7645},
  journaltitle = {J. Fluid Mech.},
  langid = {english},
  pages = {465},
  title = {New Relations for Correlation Functions in {{Navier}}\textendash{{Stokes}} Turbulence},
  volume = {644}
}

@article{FalkovichMedvedev1992,
  author = {Falkovich, G. E. and Medvedev, S. B.},
  date = {1992-06-15},
  doi = {10.1209/0295-5075/19/4/006},
  journal-iso = {Europhys. Lett.},
  journaltitle = {Eur. Lett},
  number = {4},
  pages = {279-284},
  title = {Kolmogorov-like Spectrum for Turbulence of Inertial-Gravity Waves},
  volume = {19}
}

@article{FalkovichMeyer1996,
  author = {Falkovich, G. and Meyer, M.},
  date = {1996},
  doi = {10.1103/PhysRevE.54.4431},
  journaltitle = {Phys Rev E},
  number = {4},
  pages = {4431-4434},
  title = {Two-Dimensional Acoustic Turbulence},
  volume = {54}
}

@article{FargeSadourny1989,
  author = {Farge, M. and Sadourny, R.},
  date = {1989-09},
  doi = {10.1017/S0022112089002351},
  journaltitle = {J Fluid Mech},
  pages = {433-462},
  title = {Wave Vortex Dynamics in Rotating Shallow-Water},
  volume = {206}
}

@article{fincham_energy_1996,
  author = {Fincham, A. M. and Maxworthy, T. and Spedding, G. R.},
  date = {1996-01-01},
  doi = {10.1016/0377-0265(95)00415-7},
  issn = {0377-0265},
  journaltitle = {Dynamics of Atmospheres and Oceans},
  number = {1},
  pages = {155-169},
  series = {Stratified Flows},
  title = {Energy Dissipation and Vortex Structure in Freely Decaying, Stratified Grid Turbulence},
  volume = {23}
}

@article{fitzgerald_transformation_2006,
  author = {Fitzgerald, Brian},
  date = {2006},
  doi = {10.2307/25148740},
  issn = {0276-7783},
  journaltitle = {MIS Q.},
  number = {3},
  pages = {587-598},
  title = {The {{Transformation}} of {{Open Source Software}}},
  volume = {30}
}

@article{fjortoft_changes_1953,
  author = {Fj\o{}rtoft, Ragnar},
  date = {1953-08},
  doi = {10.1111/j.2153-3490.1953.tb01051.x},
  issn = {00402826, 21533490},
  journaltitle = {Tellus},
  langid = {english},
  number = {3},
  pages = {225-230},
  title = {On the {{Changes}} in the {{Spectral Distribution}} of {{Kinetic Energy}} for {{Twodimensional}}, {{Nondivergent Flow}}},
  volume = {5}
}

@article{fluiddyn,
  author = {Augier, Pierre and Mohanan, Ashwin Vishnu and Bonamy, Cyrille},
  date = {2019-04-01},
  doi = {10.5334/jors.237},
  issn = {2049-9647},
  journaltitle = {J. Open Res. Softw.},
  keywords = {collaborative,Computer Science - Other Computer Science,documented,efficient,Fluid dynamics research with Python,Free and open-source software,Laboratory experiments,modular,Numerical simulations,object-oriented,tested},
  langid = {english},
  number = {1},
  pages = {9},
  shorttitle = {{{FluidDyn}}},
  title = {{{FluidDyn}}: {{A Python Open}}-{{Source Framework}} for {{Research}} and {{Teaching}} in {{Fluid Dynamics}} by {{Simulations}}, {{Experiments}} and {{Data Processing}}},
  volume = {7}
}

@article{fluiddyn,
  author = {Augier, Pierre and Mohanan, Ashwin Vishnu and Bonamy, Cyrille},
  date = {2019},
  doi = {10.5334/jors.237},
  journaltitle = {J Open Res. Softw.},
  title = {{{FluidDyn}}: {{A Python Open}}-{{Source Framework}} for {{Research}} and {{Teaching}} in {{Fluid Dynamics}} by {{Simulations}}, {{Experiments}} and {{Data Processing}}},
  volume = {7}
}

@article{fluidfft,
  author = {Mohanan, Ashwin Vishnu and Bonamy, Cyrille and Augier, Pierre},
  date = {2019-04-01},
  doi = {10.5334/jors.238},
  issn = {2049-9647},
  journaltitle = {J. Open Res. Softw.},
  keywords = {Computer Science - Mathematical Software,FFT,fluid dynamics,Physics - Fluid Dynamics,Python,simulations},
  langid = {english},
  number = {1},
  pages = {10},
  shorttitle = {{{FluidFFT}}},
  title = {{{FluidFFT}}: {{Common API}} ({{C}}++ and {{Python}}) for {{Fast Fourier Transform HPC Libraries}}},
  volume = {7}
}

@article{fluidsim,
  author = {Mohanan, Ashwin Vishnu and Bonamy, Cyrille and Linares, Miguel Calpe and Augier, Pierre},
  date = {2019-04-26},
  doi = {10.5334/jors.239},
  issn = {2049-9647},
  journaltitle = {J. Open Res. Softw.},
  keywords = {Computer Science - Computational Engineering; Finance; and Science,FFT,Fluid dynamics,Physics - Computational Physics,Physics - Fluid Dynamics,Python,simulations},
  langid = {english},
  number = {1},
  pages = {14},
  shorttitle = {{{FluidSim}}},
  title = {{{FluidSim}}: {{Modular}}, {{Object}}-{{Oriented Python Package}} for {{High}}-{{Performance CFD Simulations}}},
  volume = {7}
}

@article{FrehlichSharman2010,
  author = {Frehlich, R. and Sharman, R.},
  date = {2010},
  journaltitle = {J Appl Meteor Clim.},
  pages = {1149-1169},
  title = {Climatology of {{Velocity}} and {{Temperature Turbulence Statistics Determined}} from {{Rawinsonde}} and {{ACARS}}/{{AMDAR Data}}},
  volume = {49}
}

@article{frigo2005design,
  author = {Frigo, Matteo and Johnson, Steven G},
  date = {2005},
  journaltitle = {Proc. IEEE},
  number = {2},
  pages = {216-231},
  publisher = {{IEEE}},
  title = {The Design and Implementation of {{FFTW3}}},
  volume = {93}
}

@book{Frisch,
  author = {Frisch, U.},
  date = {1995},
  publisher = {{Cambridge University Press}},
  title = {Turbulence}
}

@book{Frisch2001,
  author = {Frisch, U. and Bec, J.},
  date = {2001},
  publisher = {{Springer, Berlin, Heidelberg}},
  title = {Burgulence {{In}}: {{Lesieur M}}., {{Yaglom A}}., {{David F}}. (Eds) {{New}} Trends in Turbulence {{Turbulence}}: Nouveaux Aspects. {{Les Houches}} - {{Ecole}} d'{{Ete}} de {{Physique Theorique}}, Vol 74.}
}

@article{gage_evidence_1979-1,
  author = {Gage, K. S.},
  date = {1979-10-01},
  doi = {10.1175/1520-0469(1979)036<1950:EFALIR>2.0.CO;2},
  issn = {0022-4928},
  journaltitle = {J. Atmos. Sci.},
  number = {10},
  pages = {1950-1954},
  title = {Evidence Far a K-5/3 {{Law Inertial Range}} in {{Mesoscale Two}}-{{Dimensional Turbulence}}},
  volume = {36}
}

@article{gage_theoretical_1986,
  author = {Gage, K. S. and Nastrom, G. D.},
  date = {1986},
  doi = {10.1175/1520-0469(1986)043<0729:TIOAWS>2.0.CO;2},
  journaltitle = {J Atmos Sci},
  number = {7},
  pages = {729-740},
  title = {Theoretical {{Interpretation}} of {{Atmospheric Wavenumber Spectra}} of {{Wind}} and {{Temperature Observed}} by {{Commercial Aircraft During GASP}}: {{Journal}} of the {{Atmospheric Sciences}}: {{Vol}} 43, {{No}} 7},
  volume = {43}
}

@article{Gage:1979,
  author = {Gage, K. S.},
  date = {1979},
  doi = {10.1175/1520-0469(1979)036<1950:EFALIR>2.0.CO;2},
  journaltitle = {J Atmos Sci},
  number = {10},
  pages = {1950-1954},
  title = {Evidence for a K{\textsuperscript{-5/3}} {{Law Inertial Range}} in {{Mesoscale Two}}-{{Dimensional Turbulence}}},
  volume = {36}
}

@article{Galtier2011,
  author = {Galtier, S\'ebastien and Banerjee, Supratik},
  date = {2011-09-23},
  doi = {10.1103/PhysRevLett.107.134501},
  journaltitle = {Phys. Rev. Lett.},
  number = {13},
  pages = {134501},
  title = {Exact {{Relation}} for {{Correlation Functions}} in {{Compressible Isothermal Turbulence}}},
  volume = {107}
}

@article{Garanaik2019,
  author = {Garanaik, Amrapalli and Venayagamoorthy, Subhas K},
  date = {2019},
  journaltitle = {J Fluid Mech},
  pages = {323-333},
  title = {On the Inference of the State of Turbulence and Mixing Efficiency in Stably Stratified Flows},
  volume = {867}
}

@article{gargett_composite_1981,
  author = {Gargett, A. E. and Hendricks, P. J. and Sanford, T. B. and Osborn, T. R. and Williams, A. J.},
  date = {1981-09-01},
  doi = {10.1175/1520-0485(1981)011<1258:ACSOVS>2.0.CO;2},
  issn = {0022-3670},
  journaltitle = {J. Phys. Oceanogr.},
  number = {9},
  pages = {1258-1271},
  title = {A {{Composite Spectrum}} of {{Vertical Shear}} in the {{Upper Ocean}}},
  volume = {11}
}

@article{garrett_space-time_1972,
  author = {Garrett, Christopher and Munk, Walter},
  date = {1972-01},
  doi = {10.1080/03091927208236082},
  issn = {0016-7991},
  journaltitle = {Geophysical Fluid Dynamics},
  langid = {english},
  number = {1},
  pages = {225-264},
  title = {Space-{{Time}} Scales of Internal Waves},
  volume = {3}
}

@book{gavrilakis_advances_2012,
  author = {Gavrilakis, S. and Machiels, L. and Monkewitz, P. A.},
  date = {2012-12-06},
  eprinttype = {googlebooks},
  isbn = {978-94-009-0297-8},
  keywords = {Language Arts & Disciplines / Library & Information Science / General,Science / Mechanics / General,Science / Physics / General,Science / System Theory,Science / Weights & Measures,Technology & Engineering / Measurement},
  langid = {english},
  pagetotal = {643},
  publisher = {{Springer Science \& Business Media}},
  shorttitle = {Advances in {{Turbulence VI}}},
  title = {Advances in {{Turbulence VI}}: {{Proceedings}} of the {{Sixth European Turbulence Conference}}, Held in {{Lausanne}}, {{Switzerland}}, 2\textendash{}5 {{July}} 1996}
}

@article{gewin_data_2016,
  author = {Gewin, Virginia},
  date = {2016-01-07},
  doi = {10.1038/nj7584-117a},
  issn = {0028-0836},
  journaltitle = {Nature},
  langid = {english},
  number = {7584},
  pages = {117-119},
  shorttitle = {Data Sharing},
  title = {Data Sharing: {{An}} Open Mind on Open Data},
  volume = {529}
}

@book{Gill:book,
  author = {Gill, A. E.},
  date = {1982},
  publisher = {{Academic Press}},
  title = {Atmosphere-{{Ocean Dynamics}}}
}

@article{Graves2006,
  author = {Graves, L. P. and McWilliams, J. C. and Montgomery, M. T.},
  date = {2006},
  journaltitle = {Geophys Astrophys Fluid Dyn},
  number = {3},
  pages = {151-183},
  title = {The Emergence of Jets and Vortices in Freely Evolving, Shallow Water Turbulence on a Sphere},
  volume = {100}
}

@article{Gregg,
  author = {Gregg, MC and D'Asaro, EA and Riley, JJ and Kunze, E},
  date = {2018},
  journaltitle = {Annu. Rev. Mar. Sci.},
  pages = {443-473},
  publisher = {{Annual Reviews}},
  title = {Mixing Efficiency in the Ocean},
  volume = {10}
}

@article{GrimshawHelfrichJohnson2012,
  author = {Grimshaw, R. H. J. and Helfrich, Karl and Johnson, E. R.},
  date = {2012},
  doi = {10.1111/j.1467-9590.2012.00560.x},
  journaltitle = {Stud. Appl. Math.},
  number = {4},
  pages = {414-436},
  title = {The {{Reduced Ostrovsky Equation}}: {{Integrability}} and {{Breaking}}},
  volume = {129}
}

@article{GrimshawOstrovskyShriraStepanyants1998,
  author = {Grimshaw, RHJ and Ostrovsky, LA and Shrira, VI and Stepanyants, Yu A},
  date = {1998},
  journaltitle = {Surv. Geophys.},
  number = {4},
  pages = {289-338},
  title = {Long Nonlinear Surface and Internal Gravity Waves in a Rotating Ocean},
  volume = {19}
}

@inproceedings{guelton_pythran2013,
  author = {Guelton, Serge and Brunet, Pierrick and Raynaud, Alan and Merlini, Adrien and Amini, Mehdi},
  date = {2013},
  pages = {46-52},
  shorttitle = {Pythran},
  title = {Pythran: {{Enabling Static Optimization}} of {{Scientific Python Programs}}}
}

@article{guelton2013compiling,
  author = {Guelton, Serge and Brunet, Pierrick and Amini, Mehdi},
  date = {2013},
  journaltitle = {Python High Perform. Sci. Comput.},
  title = {Compiling {{Python}} Modules to Native Parallel Modules Using {{Pythran}} and {{OpenMP}} Annotations}
}

@inproceedings{guelton2014exploring,
  author = {Guelton, Serge and Falcou, Jo\"el and Brunet, Pierrick},
  booktitle = {Proceedings of the 2014 {{Workshop}} on {{Programming}} Models for {{SIMD}}/{{Vector}} Processing},
  date = {2014},
  organization = {{ACM}},
  pages = {79-86},
  title = {Exploring the Vectorization of Python Constructs Using Pythran and Boost {{SIMD}}}
}

@article{guelton2015pythran,
  author = {Guelton, Serge and Brunet, Pierrick and Amini, Mehdi and Merlini, Adrien and Corbillon, Xavier and Raynaud, Alan},
  date = {2015},
  journaltitle = {Comput. Sci. Discov.},
  number = {1},
  pages = {014001},
  publisher = {{IOP Publishing}},
  title = {Pythran: {{Enabling}} Static Optimization of Scientific Python Programs},
  volume = {8}
}

@article{guelton2018pythran,
  author = {Guelton, Serge},
  date = {2018},
  journaltitle = {Comput. Sci. Eng.},
  number = {2},
  pages = {83-89},
  publisher = {{IEEE}},
  title = {Pythran: {{Crossing}} the {{Python Frontier}}},
  volume = {20}
}

@article{Hamilton_etal2008,
  author = {Hamilton, K. and Takahashi, Y. O. and Ohfuchi, W.},
  date = {2008},
  journaltitle = {J Geophys Res-Atmos},
  pages = {D18110},
  title = {Mesoscale Spectrum of Atmospheric Motions Investigated in a Very Fine Resolution Global General Circulation Model},
  volume = {113}
}

@article{Hamilton-Takahashi-Ohfuchi:2008,
  author = {Hamilton, K. and Takahashi, Y. O. and Ohfuchi, W.},
  date = {2008},
  doi = {10.1029/2008JD009785},
  journaltitle = {J. Geophys. Res. Atmospheres},
  number = {D18},
  pages = {D18110},
  title = {Mesoscale Spectrum of Atmospheric Motions Investigated in a Very Fine Resolution Global General Circulation Model},
  volume = {113}
}

@article{Haugen2004,
  author = {Haugen, N. E. L. and Brandenburg, A.},
  date = {2004},
  journaltitle = {Phys Rev E},
  pages = {026405},
  title = {Inertial Range Scaling in Numerical Turbulence with Hyper Viscosity},
  volume = {70}
}

@article{HelfrichMelville2006,
  author = {Helfrich, Karl R and Melville, W Kendall},
  date = {2006},
  journaltitle = {Annu Rev Fluid Mech},
  pages = {395-425},
  title = {Long Nonlinear Internal Waves},
  volume = {38}
}

@article{herring_numerical_1989,
  author = {Herring, Jackson R. and M\'etais, Olivier},
  date = {1989-05},
  doi = {10.1017/S0022112089001114},
  issn = {0022-1120, 1469-7645},
  journaltitle = {J. Fluid Mech.},
  langid = {english},
  pages = {97-115},
  title = {Numerical Experiments in Forced Stably Stratified Turbulence},
  volume = {202}
}

@article{holford_turbulent_1999,
  author = {Holford, Joanne M. and Linden, P. F.},
  date = {1999-12-01},
  doi = {10.1016/S0377-0265(99)00025-1},
  issn = {0377-0265},
  journaltitle = {Dynamics of Atmospheres and Oceans},
  keywords = {Buoyancy,Stratified fluid,Turbulent mixing},
  number = {2},
  pages = {173-198},
  title = {Turbulent Mixing in a Stratified Fluid},
  volume = {30}
}

@report{hooton_christopher_refreshing_2017,
  author = {Hooton, Christopher},
  date = {2017-01},
  langid = {american},
  title = {Refreshing {{Our Understanding}} of the {{Internet Economy}}}
}

@article{horn_analysis_1963,
  author = {Horn, Lyle H. and Bryson, Reid A.},
  date = {1963-02-15},
  doi = {10.1029/JZ068i004p01059},
  issn = {01480227},
  journaltitle = {J. Geophys. Res.},
  langid = {english},
  number = {4},
  pages = {1059-1064},
  title = {An Analysis of the Geostrophic Kinetic Energy Spectrum of Large-Scale Atmospheric Turbulence},
  volume = {68}
}

@inproceedings{ISSF2016,
  author = {Campagne, Antoine and Alfredsson, Henrik and Chassagne, Remi and Micard, Diane and Mordant, Nicolas and Segalini, Antonio and Sommeria, Joel and Viboud, Samuel and Mohanan, Ashwin Vishnu and Lindborg, Erik and Augier, Pierre},
  booktitle = {International {{Symposium}} on {{Stratified Flows}}},
  date = {2016-08-29},
  langid = {english},
  shorttitle = {First Report of the {{Milestone}} Experiment},
  title = {First Report of the {{MILESTONE}} Experiment: Strongly Stratified Turbulence and Mixing Efficiency in the {{Coriolis}} Platform},
  url = {https://escholarship.org/uc/item/8f88x7nt},
  venue = {VIIIth International Symposium on Stratified Flows (ISSF, San Diego, USA)},
  volume = {1}
}

@article{Itsweire1986,
  author = {Itsweire, EC and Helland, KN and Van Atta, CW},
  date = {1986},
  journaltitle = {J Fluid Mech},
  pages = {299-338},
  title = {The Evolution of Grid-Generated Turbulence in a Stably Stratified Fluid},
  volume = {162}
}

@article{IveyImberger1991,
  author = {Ivey, GN and Imberger, J},
  date = {1991},
  journaltitle = {J Phys Ocean.},
  number = {5},
  pages = {650-658},
  title = {On the Nature of Turbulence in a Stratified Fluid. {{Part I}}: {{The}} Energetics of Mixing},
  volume = {21}
}

@article{IveyWinters,
  author = {Ivey, GN and Winters, KB and Koseff, JR},
  date = {2008},
  journaltitle = {Annu Rev Fluid Mech},
  pages = {169-184},
  title = {Density Stratification, Turbulence, but How Much Mixing?},
  volume = {40}
}

@inproceedings{jasak_openfoam2007,
  author = {Jasak, Hrvoje and Jemcov, Aleksandar and Tukovic, Zeljko and others},
  booktitle = {International Workshop on Coupled Methods in Numerical Dynamics},
  date = {2007},
  pages = {1-20},
  publisher = {{IUC Dubrovnik, Croatia}},
  shorttitle = {{{OpenFOAM}}},
  title = {{{OpenFOAM}}: {{A C}}++ Library for Complex Physics Simulations},
  volume = {1000}
}

@article{Jayne,
  author = {Jayne, Steven R},
  date = {2009},
  journaltitle = {J Phys Ocean.},
  number = {7},
  pages = {1756-1775},
  title = {The Impact of Abyssal Mixing Parameterizations in an Ocean General Circulation Model},
  volume = {39}
}

@article{KadomtsevPet1970,
  author = {Kadomtsev, B.B. and Petviachvili, V.I.},
  date = {1970},
  journaltitle = {Sov Phys Dokl},
  pages = {539-541},
  title = {On the Stability of Solitary Waves in Weakly Dispersing Media},
  volume = {15}
}

@article{KadomtsevPet1973,
  author = {Kadomtsev, B. B. and Petviashvili, V. I.},
  date = {1973},
  journaltitle = {Dokl Akad Nauk SSSR},
  number = {4},
  pages = {794--796},
  title = {On Acoustic Turbulence},
  url = {http://www.mathnet.ru/php/archive.phtml?wshow=paper&jrnid=dan&paperid=37430&option_lang=eng},
  volume = {208}
}

@article{kitamura_energy_2010,
  author = {Kitamura, Y. and Matsuda, Y.},
  date = {2010},
  doi = {10.1029/2009JD012368},
  issn = {2156-2202},
  journaltitle = {J. Geophys. Res. Atmospheres},
  keywords = {energy cascade,energy spectrum,stratified turbulence},
  langid = {english},
  number = {D11},
  title = {Energy Cascade Processes in Rotating Stratified Turbulence with Application to the Atmospheric Mesoscale},
  volume = {115}
}

@article{kitamura_kh3_2006,
  author = {Kitamura, Y. and Matsuda, Y.},
  date = {2006},
  doi = {10.1029/2005GL024996},
  issn = {1944-8007},
  journaltitle = {Geophys. Res. Lett.},
  langid = {english},
  number = {5},
  title = {The {{kH}}-3 and {{kH}}-5/3 Energy Spectra in Stratified Turbulence},
  volume = {33}
}

@article{Kolmogorov1941,
  author = {Kolmogorov, A.N.},
  date = {1941},
  journaltitle = {Dokl Akad Nauk SSSR 304 Engl. Transl. Proc R Soc Lond 434 1991 9139-13},
  title = {The Local Structure of Turbulence in Incompressible Viscous Fluid for Very Large {{Reynolds}} Number}
}

@article{KoshykHamilton2001,
  author = {Koshyk, J. N. and Hamilton, K.},
  date = {2001},
  journaltitle = {J Atmos Sci},
  number = {4},
  pages = {329-348},
  title = {The {{Horizontal Kinetic Energy Spectrum}} and {{Spectral Budget Simulated}} by a {{High}}-{{Resolution Troposphere}}-{{Stratosphere}}-{{Mesosphere GCM}}},
  volume = {58}
}

@article{kraichnan_lagrangianhistory_1968,
  author = {Kraichnan, Robert H.},
  date = {1968-02-01},
  doi = {10.1063/1.1691900},
  issn = {0031-9171},
  journaltitle = {The Physics of Fluids},
  number = {2},
  pages = {265-277},
  title = {Lagrangian-{{History Statistical Theory}} for {{Burgers}}' {{Equation}}},
  volume = {11}
}

@article{kraichnan_two-dimensional_1980,
  author = {Kraichnan, Robert H. and Montgomery, David},
  date = {1980},
  issue = {October 1979},
  journaltitle = {Rep Prog Phys},
  title = {Two-Dimensional Turbulence},
  volume = {43}
}

@article{Kraichnan1967,
  author = {Kraichnan, R. H.},
  date = {1967},
  doi = {10.1063/1.1762301},
  journaltitle = {Phys Fluids},
  keywords = {\#nosource},
  number = {7},
  pages = {1417-1423},
  title = {Inertial {{Ranges}} in {{Two}}-{{Dimensional Turbulence}}},
  volume = {10}
}

@article{Kraichnan1971,
  author = {Kraichnan, R. H.},
  date = {1971},
  journaltitle = {J Fluid Mech},
  keywords = {\#nosource},
  number = {3},
  pages = {525-535},
  title = {Inertial-Range Transfer in Two-and Three-Dimensional Turbulence},
  volume = {47}
}

@article{kuhlbrodt_driving_2007,
  author = {Kuhlbrodt, T. and Griesel, A. and Montoya, M. and Levermann, A. and Hofmann, M. and Rahmstorf, S.},
  date = {2007-04-24},
  doi = {10.1029/2004RG000166},
  issn = {8755-1209},
  journaltitle = {Rev. Geophys.},
  langid = {english},
  number = {2},
  pages = {RG2001},
  title = {On the Driving Processes of the {{Atlantic}} Meridional Overturning Circulation},
  volume = {45}
}

@article{Kuznetsov2004,
  author = {Kuznetsov, E. A.},
  date = {2004},
  doi = {10.1134/1.1804214},
  journaltitle = {JETP Lett},
  keywords = {\#nosource},
  number = {2},
  pages = {83-89},
  title = {Turbulence Spectra Generated by Singularities},
  volume = {80}
}

@article{LahayeZeitlin2012,
  author = {Lahaye, N. and Zeitlin, V.},
  date = {2012},
  doi = {10.1063/1.4767723},
  journaltitle = {Phys Fluids},
  pages = {115106},
  title = {Decaying Vortex and Wave Turbulence in Rotating Shallow Water Model, as Follows from High-Resolution Direct Numerical Simulations},
  volume = {24}
}

@article{language_productivity_infographic,
  title = {Language\_productivity.Pdf},
  url = {http://www.connellybarnes.com/documents/language_productivity.pdf}
}

@article{LarichevMcWilliams1991,
  author = {Larichev, V. D. and McWilliams, J. C.},
  date = {1998},
  doi = {10.1063/1.857970},
  journaltitle = {Phys Fluids - Fluid Dyn},
  pages = {938-950},
  title = {Weakly Decaying Turbulence in an Equivalent-Barotropic Fluid},
  volume = {3}
}

@article{LeclercqPartridgeAugierDalzielKerswell2016,
  author = {Leclercq, C. and Partridge, J. L. and Augier, P. and Dalziel, S. B. and Kerswell, R. R.},
  date = {2016-03},
  doi = {10.1017/jfm.2016.44},
  journaltitle = {J Fluid Mech},
  pages = {608-630},
  title = {Using Stratification to Mitigate End Effects in Quasi-{{Keplerian Taylor}}\textendash{{Couette}} Flow},
  volume = {791}
}

@article{lee_ten_2018,
  author = {Lee, Benjamin D.},
  date = {2018-12-20},
  doi = {10.1371/journal.pcbi.1006561},
  issn = {1553-7358},
  journaltitle = {PLOS Computational Biology},
  keywords = {Citation analysis,Computer software,Sequence analysis,Software design,Software development,Software engineering,Software tools,Source code},
  langid = {english},
  number = {12},
  pages = {e1006561},
  title = {Ten Simple Rules for Documenting Scientific Software},
  volume = {14}
}

@article{Lienhard1990,
  author = {Lienhard V, J. H. and Van Atta, C. W.},
  date = {1990},
  journaltitle = {J Fluid Mech},
  pages = {57-112},
  title = {The Decay of Turbulence in Thermally Stratified Flow},
  volume = {210}
}

@article{LiLindborg2018,
  author = {Li, Q. and Lindborg, L.},
  date = {2018},
  journaltitle = {J Atmos Sci},
  pages = {1215-1229},
  title = {Weakly or Strongly Nonlinear Mesoscale Dynamics Close to the Tropopause?},
  volume = {75}
}

@article{lilly_two-dimensional_1989,
  author = {Lilly, Douglas K.},
  date = {1989},
  doi = {10.1175/1520-0469(1989)046<2026:TDTGBE>2.0.CO;2},
  issn = {0022-4928},
  journaltitle = {J. Atmos. Sci.},
  number = {13},
  pages = {2026-2030},
  title = {Two-{{Dimensional Turbulence Generated}} by {{Energy Sources}} at {{Two Scales}}},
  volume = {46}
}

@article{Lilly:1983,
  author = {Lilly, D. K.},
  date = {1983-03-01},
  doi = {10.1175/1520-0469(1983)040<0749:STATMV>2.0.CO;2},
  issn = {0022-4928},
  journaltitle = {J. Atmos. Sci.},
  keywords = {\#nosource},
  number = {3},
  pages = {749-761},
  title = {Stratified {{Turbulence}} and the {{Mesoscale Variability}} of the {{Atmosphere}}},
  volume = {40}
}

@article{lin_explicit_1997,
  author = {Lin, Shian-Jiann and Rood, Richard B.},
  date = {1997},
  doi = {10.1002/qj.49712354416},
  issn = {1477-870X},
  journaltitle = {Q. J. R. Meteorol. Soc.},
  keywords = {Computational test cases,Conservative advection,Numerical techniques},
  langid = {french},
  number = {544},
  pages = {2477-2498},
  title = {An explicit flux-form semi-lagrangian shallow-water model on the sphere},
  volume = {123}
}

@article{lin_multidimensional_1996,
  author = {Lin, Shian-Jiann and Rood, Richard B.},
  date = {1996-09-01},
  doi = {10.1175/1520-0493(1996)124<2046:MFFSLT>2.0.CO;2},
  issn = {0027-0644},
  journaltitle = {Mon. Wea. Rev.},
  number = {9},
  pages = {2046-2070},
  title = {Multidimensional {{Flux}}-{{Form Semi}}-{{Lagrangian Transport Schemes}}},
  volume = {124}
}

@article{Lindbor-Riley2007,
  author = {Lindborg, E. and Riley, J.J.},
  date = {2007},
  doi = {10.1111/j.1600-0870.2007.00266.x},
  journaltitle = {Tellus Ser A},
  number = {5},
  pages = {781-784},
  title = {A Condition on the Average {{Richardson}} Number for Weak Non-Linearity of Internal Gravity Waves},
  volume = {59}
}

@article{lindborg_determining_2000,
  author = {Lindborg, Erik and Cho, John Y. N.},
  date = {2000-12-25},
  doi = {10.1103/PhysRevLett.85.5663},
  journaltitle = {Phys. Rev. Lett.},
  number = {26},
  pages = {5663-5666},
  title = {Determining the {{Cascade}} of {{Passive Scalar Variance}} in the {{Lower Stratosphere}}},
  volume = {85}
}

@article{lindborg_effect_2005,
  author = {Lindborg, Erik},
  date = {2005},
  doi = {10.1029/2004GL021319},
  issn = {1944-8007},
  journaltitle = {Geophys. Res. Lett.},
  langid = {english},
  number = {1},
  title = {The Effect of Rotation on the Mesoscale Energy Cascade in the Free Atmosphere},
  volume = {32}
}

@article{lindborg_helmholtz_2015,
  author = {Lindborg, Erik},
  date = {2015-01},
  doi = {10.1017/jfm.2014.685},
  issn = {0022-1120, 1469-7645},
  journaltitle = {J. Fluid Mech.},
  keywords = {\#nosource,atmospheric flows,meteorology,stratified flows},
  langid = {english},
  pages = {R4},
  title = {A {{Helmholtz}} Decomposition of Structure Functions and Spectra Calculated from Aircraft Data},
  volume = {762}
}

@article{lindborg_kinetic_2000,
  author = {Lindborg, Erik and Alvelius, Krister},
  date = {2000-04-13},
  doi = {10.1063/1.870379},
  issn = {1070-6631},
  journaltitle = {Physics of Fluids},
  number = {5},
  pages = {945-947},
  title = {The Kinetic Energy Spectrum of the Two-Dimensional Enstrophy Turbulence Cascade},
  volume = {12}
}

@inproceedings{lindborg_kolmogorovs_1996,
  author = {Lindborg, Erik},
  booktitle = {Advances in {{Turbulence VI}}},
  date = {1996},
  editor = {Gavrilakis, S. and Machiels, L. and Monkewitz, P. A.},
  isbn = {978-94-009-0297-8},
  keywords = {Inertial Range,Isotropic Turbulence,Local Isotropy,Longitudinal Structure Function,Pressure Term},
  langid = {english},
  pages = {247-250},
  publisher = {{Springer Netherlands}},
  series = {Fluid {{Mechanics}} and Its {{Applications}}},
  title = {On {{Kolmogorov}}'s {{Third Order Structure Function Law}}, the {{Local Isotropy Hypothesis}} and the {{Pressure}}-{{Velocity Correlation}}}
}

@article{lindborg_note_2019,
  author = {Lindborg, Erik},
  date = {2019-09},
  doi = {10.1017/jfm.2019.523},
  issn = {0022-1120, 1469-7645},
  journaltitle = {J. Fluid Mech.},
  langid = {english},
  pages = {R2},
  title = {A Note on Acoustic Turbulence},
  volume = {874}
}

@article{Lindborg-Brethouwer:2007,
  author = {Lindborg, E. and Brethouwer, G.},
  date = {2007},
  doi = {10.1017/S002211200700708},
  journaltitle = {J Fluid Mech},
  pages = {83-108},
  title = {Stratified Turbulence Forced in Rotational and Divergent Modes},
  volume = {586}
}

@article{Lindborg:2007,
  author = {Lindborg, E.},
  date = {2007},
  doi = {10.1175/JAS3864.1},
  journaltitle = {J Atmos Sci},
  number = {3},
  pages = {1017-1025},
  title = {Horizontal Wavenumber Spectra of Vertical Vorticity and Horizontal Divergence in the Upper Troposphere and Lower Stratosphere},
  volume = {64}
}

@article{Lindborg:2015,
  author = {Lindborg, E.},
  date = {2015},
  doi = {10.1017/jfm.2014.685},
  journaltitle = {J Fluid Mech},
  pages = {R4},
  title = {A {{Helmholtz}} Decomposition of Structure Functions and Spectra Calculated from Aircraft Data},
  volume = {762}
}

@article{Lindborg1999,
  author = {Lindborg, Erik},
  date = {1999},
  doi = {10.1017/S0022112099004851},
  journaltitle = {J. Fluid Mech.},
  keywords = {\#nosource},
  pages = {259-288},
  title = {Can the Atmospheric Kinetic Energy Spectrum Be Explained by Two-Dimensional Turbulence?},
  volume = {388}
}

@article{Lindborg2006,
  author = {Lindborg, E.},
  date = {2006},
  doi = {10.1017/S002211200500812},
  journaltitle = {J Fluid Mech},
  pages = {207-242},
  title = {The Energy Cascade in a Strongly Stratified Fluid},
  volume = {550}
}

@article{Lindborg2006,
  author = {Lindborg, E..},
  date = {2006},
  journaltitle = {J Fluid Mech},
  pages = {207-242},
  title = {The Energy Cascade in a Strongly Stratified Fluid},
  volume = {550}
}

@article{Lindborg2006,
  author = {Lindborg, E..},
  date = {2006},
  journaltitle = {J Fluid Mech},
  pages = {207-242},
  title = {The Energy Cascade in a Strongly Stratified Fluid},
  volume = {550}
}

@article{Lindborg2007jas,
  author = {Lindborg, E.},
  date = {2007},
  journaltitle = {J Atmos Sci},
  number = {3},
  pages = {1017-1025},
  title = {Horizontal {{Wavenumber Spectra}} of {{Vertical Vorticity}} and {{Horizontal Divergence}} in the {{Upper Troposphere}} and {{Lower Stratosphere}}},
  volume = {64}
}

@article{Lindborg2019,
  author = {Lindborg, Erik},
  date = {2019},
  journaltitle = {J Fluid Mech},
  title = {A Note on Acoustic Turbulence},
  volume = {submitted}
}

@article{LindborgMohanan2017,
  author = {Lindborg, Erik and Mohanan, Ashwin Vishnu},
  date = {2017-11-01},
  doi = {10.1063/1.4985990},
  issn = {1070-6631},
  journaltitle = {Physics of Fluids},
  number = {11},
  pages = {111114},
  title = {A Two-Dimensional Toy Model for Geophysical Turbulence},
  volume = {29}
}

@article{LivertsApazidis2016,
  author = {Liverts, M. and Apazidis, N.},
  date = {2016},
  journaltitle = {Phys Rev Lett},
  pages = {014501},
  title = {Limiting Temperatures of Spherical Shock Wave Implosion},
  volume = {116}
}

@article{lorenz_attractor_1980,
  author = {Lorenz, Edward N.},
  date = {1980-08-01},
  doi = {10.1175/1520-0469(1980)037<1685:ASAQGE>2.0.CO;2},
  issn = {0022-4928},
  journaltitle = {J. Atmos. Sci.},
  number = {8},
  pages = {1685-1699},
  title = {Attractor {{Sets}} and {{Quasi}}-{{Geostrophic Equilibrium}}},
  volume = {37}
}

@article{lorenz_available_1955-1,
  author = {Lorenz, Edward N.},
  date = {1955},
  doi = {10.1111/j.2153-3490.1955.tb01148.x},
  issn = {2153-3490},
  journaltitle = {Tellus},
  langid = {english},
  number = {2},
  pages = {157-167},
  title = {Available {{Potential Energy}} and the {{Maintenance}} of the {{General Circulation}}},
  volume = {7}
}

@article{lorenz_predictability_1969,
  author = {Lorenz, Edward N.},
  date = {1969-06},
  doi = {10.1111/j.2153-3490.1969.tb00444.x},
  issn = {00402826, 21533490},
  journaltitle = {Tellus},
  langid = {english},
  number = {3},
  pages = {289-307},
  title = {The Predictability of a Flow Which Possesses Many Scales of Motion},
  volume = {21}
}

@article{Lorenz:1955,
  author = {Lorenz, E. N.},
  date = {1955},
  journaltitle = {Tellus},
  pages = {157-167},
  title = {Available Potential Energy and the Maintenance of the General Circulation},
  volume = {7}
}

@article{Lorenz1955,
  author = {Lorenz, E.N.},
  date = {1955},
  journaltitle = {Tellus},
  pages = {157},
  title = {Available Potential Energy and the Maintenance of the General Circulation},
  volume = {7}
}

@article{Lorenz1980,
  author = {Lorenz, E.},
  date = {1980},
  journaltitle = {J Atmos Sci},
  number = {8},
  pages = {1685-1699},
  title = {Attractor Sets and Quasi-Geostrophic Equilibrium},
  volume = {37}
}

@article{Lundbladh1999,
  author = {Lundbladh, A. and Berlin, S. and Skote, M. and Hildings, C. and Choi, J. and Kim, J. and Henningson, D. S.},
  date = {1999},
  journaltitle = {Trita-Mek Tech Rep},
  publisher = {{KTH}},
  title = {An Efficient Spectral Method for Simulation of Incompressible Flow over a Flat Plate},
  volume = {11}
}

@incollection{lynch_richardson_2010,
  author = {Lynch, Peter},
  date = {2010-12},
  isbn = {978-0-521-19006-0},
  langid = {english},
  publisher = {{Cambridge University Press}},
  title = {From {{Richardson}} to Early Numerical Weather Prediction},
  url = {https://researchrepository.ucd.ie/handle/10197/2891}
}

@article{maffioli_mixing_2016,
  author = {Maffioli, A and Brethouwer, G and Lindborg, E},
  date = {2016},
  doi = {10.1017/jfm.2016.206},
  issue = {November 2015},
  journaltitle = {J Fluid Mech},
  keywords = {mixing and dispersion,ocean processes,stratified turbulence},
  pages = {1-12},
  title = {Mixing Efficiency in Stratified Turbulence},
  volume = {794}
}

@article{Maffioli2016,
  author = {Maffioli, A. and Davidson, P. A..},
  date = {2016},
  journaltitle = {J Fluid Mech},
  keywords = {atmospheric flows,stratified turbulence,turbulent flows},
  pages = {210-233},
  title = {Dynamics of Stratified Turbulence Decaying from a High Buoyancy {{Reynolds}} Number},
  volume = {786}
}

@article{Maffioli2016,
  author = {Maffioli, A. and Davidson, P. A..},
  date = {2016},
  journaltitle = {J Fluid Mech},
  pages = {210-233},
  title = {Dynamics of Stratified Turbulence Decaying from a High Buoyancy {{Reynolds}} Number},
  volume = {786}
}

@article{maltrud_energy_1991,
  author = {Maltrud, M. E. and Vallis, G. K.},
  date = {1991-07},
  doi = {10.1017/S0022112091002720},
  issn = {1750-6859, 1750-6859},
  journaltitle = {J. Fluid Mech. Digit. Arch.},
  langid = {english},
  pages = {321},
  title = {Energy Spectra and Coherent Structures in Forced Two-Dimensional and Beta-Plane Turbulence},
  volume = {228}
}

@article{manabe_simulated_1965,
  author = {Manabe, Syukuro and Smagorinsky, Joseph and Strickler, Robert F.},
  date = {1965-12-01},
  doi = {10.1175/1520-0493(1965)093<0769:SCOAGC>2.3.CO;2},
  issn = {0027-0644},
  journaltitle = {Mon. Wea. Rev.},
  number = {12},
  pages = {769-798},
  title = {Simulated Climatology of a General Circulation Model with a Hydrologic Cycle},
  volume = {93}
}

@article{manabe_simulated_1967,
  author = {Manabe, Syukuro and Smagorinsky, Joseph},
  date = {1967-04-01},
  doi = {10.1175/1520-0493(1967)095<0155:SCOAGC>2.3.CO;2},
  issn = {0027-0644},
  journaltitle = {Mon. Wea. Rev.},
  number = {4},
  pages = {155-169},
  title = {Simulated Climatology of a General Circulation Model with a Hydrologic Cycle Ii. Analysis of the Tropical Atmosphere},
  volume = {95}
}

@article{Marenco-Thouret-Nedelec-Smit-Helten-Kley-Karcher-Simon-Law-Pyle-Poschmann-Vonwrede-Hume-Cook:1998,
  author = {Marenco, A. and Thouret, V. and N\'ed\'elec, P. and Smit, H. and Helten, M. and Kley, D. and Karcher, F. and Simon, P. and Law, K. and Pyle, J. and Poschmann, G. and Von Wrede, R. and Hume, C. and Cook, T.},
  date = {1998},
  doi = {10.1029/98JD00977},
  journaltitle = {J. Geophys. Res. Atmospheres},
  pages = {25631-25642},
  title = {Measurement of Ozone and Water Vapor by {{Airbus}} In-Service Aircraft: {{The MOZAIC}} Airborne Program, {{An}} Overview},
  volume = {103}
}

@article{Meneveau_Streenivasan1991,
  author = {Meneveau, C. and Sreenivasan, K.R.},
  date = {1987},
  journaltitle = {Phys Rev Lett},
  pages = {1224-1227},
  title = {Simple Multifractal Cascade Model for Fully Developed Turbulence},
  volume = {59}
}

@book{meyers2012effective,
  author = {Meyers, Scott},
  date = {2012},
  pagetotal = {542-546},
  publisher = {{Addison-Wesley}},
  title = {Effective {{C}}++ {{Digital Collection}}: 140 {{Ways}} to {{Improve Your Programming}}},
  url = {https://n2t.net/ark:/13960/t2d86nb9s}
}

@article{MohebalhojehDritschel2000,
  author = {Mohebalhojeh, A. R. and Dritschel, D. G.},
  date = {2000},
  doi = {10.1002/qj.49712656314},
  journaltitle = {Q J R Meteorol Soc},
  number = {563},
  pages = {669-688},
  title = {On the Representation of Gravity Waves in Numerical Models of the Shallow-Water Equations},
  volume = {126}
}

@inproceedings{moreau_opendata_2018,
  author = {Moreau, Gabriel and Mathieu, Antoine and Bonamy, Cyrille and Chauchat, Julien and Sommeria, Jo\"el},
  date = {2018},
  eventtitle = {Interop\'erabilit\'e et P\'erennisation Des Donn\'ees de La Recherche :   Comment {{FAIR En}} Pratique ? {{Retours}} d'exp\'erience},
  pages = {15},
  title = {{{OpenData}} Pour La Simulation et Les Exp\'erimentations  Au {{LEGI}}},
  url = {https://gt-donnees2018.sciencesconf.org/data/05_G_Moreau_LEGI_2018_11_opendata.pdf}
}

@article{mortensen_spectraldns2016,
  author = {Mortensen, Mikael and Langtangen, Hans Petter},
  date = {2016-06},
  doi = {10.1016/j.cpc.2016.02.005},
  issn = {0010-4655},
  issue = {Supplement C},
  journaltitle = {Comput. Phys. Commun.},
  keywords = {and Cluster Computing,CFD,Computer Science - Distributed,Computer Science - Mathematical Software,Cython,DNS,FFT,MPI,Parallel,Pencil,Python,Slab},
  pages = {53-65},
  title = {High Performance {{Python}} for Direct Numerical Simulations of Turbulent Flows},
  volume = {203}
}

@article{munafo_manifesto_2017,
  author = {Munaf\`o, Marcus R. and Nosek, Brian A. and Bishop, Dorothy V. M. and Button, Katherine S. and Chambers, Christopher D. and Percie du Sert, Nathalie and Simonsohn, Uri and Wagenmakers, Eric-Jan and Ware, Jennifer J. and Ioannidis, John P. A.},
  date = {2017-01-10},
  doi = {10.1038/s41562-016-0021},
  issn = {2397-3374},
  journaltitle = {Nat. Hum. Behav.},
  langid = {english},
  number = {1},
  pages = {0021},
  title = {A Manifesto for Reproducible Science},
  volume = {1}
}

@inproceedings{nanz_comparative_2015,
  author = {Nanz, S. and Furia, C. A.},
  booktitle = {2015 {{IEEE}}/{{ACM}} 37th {{IEEE International Conference}} on {{Software Engineering}}},
  date = {2015-05},
  doi = {10.1109/ICSE.2015.90},
  keywords = {authoring languages,C\\\#,code repository,F\\\#,functional language,functional languages,Go,Haskell,Indexes,Java,language interpretation,object-oriented language,object-oriented programming,procedural language,program compilers,program interpreters,Programming,programming languages,Python,Rosetta Code,Ruby,Runtime,scripting language,Standards,statistical analysis,Statistical analysis,strongly-typed language compilation},
  pages = {778-788},
  title = {A {{Comparative Study}} of {{Programming Languages}} in {{Rosetta Code}}},
  volume = {1}
}

@article{nastrom_climatology_1985-1,
  author = {Nastrom, G. D. and Gage, K. S.},
  date = {1985-05-01},
  doi = {10.1175/1520-0469(1985)042<0950:ACOAWS>2.0.CO;2},
  issn = {0022-4928},
  journaltitle = {J. Atmos. Sci.},
  number = {9},
  pages = {950-960},
  title = {A {{Climatology}} of {{Atmospheric Wavenumber Spectra}} of {{Wind}} and {{Temperature Observed}} by {{Commercial Aircraft}}},
  volume = {42}
}

@article{nastrom_first_1983,
  author = {Nastrom, G. D. and Gage, K. S.},
  date = {1983},
  doi = {10.1111/j.1600-0870.1983.tb00213.x},
  issn = {1600-0870},
  journaltitle = {Tellus A},
  langid = {english},
  number = {5},
  pages = {383-388},
  title = {A First Look at Wavenumber Spectra from {{GASP}} Data},
  volume = {35A}
}

@article{nastrom_kinetic_1984,
  author = {Nastrom, G. D. and Gage, K. S. and Jasperson, W. H.},
  date = {1984-07},
  doi = {10.1038/310036a0},
  issn = {0028-0836, 1476-4687},
  journaltitle = {Nature},
  langid = {english},
  number = {5972},
  pages = {36-38},
  title = {Kinetic Energy Spectrum of Large-and Mesoscale Atmospheric Processes},
  volume = {310}
}

@article{Nastrom-Gage:1985,
  author = {Nastrom, G. D. and Gage, K. S.},
  date = {1985},
  doi = {10.1175/1520-0469(1985)042<0950:ACOAWS>2.0.CO;2},
  journaltitle = {J Atmos Sci},
  number = {9},
  pages = {950-960},
  title = {A {{Climatology}} of {{Atmospheric Wavenumber Spectra}} of {{Wind}} and {{Temperature Observed}} by {{Commercial Aircraft}}},
  volume = {42}
}

@article{NastromGage1985,
  author = {Nastrom, G. D. and Gage, K. S.},
  date = {1985},
  journaltitle = {J Atmos Sci},
  number = {9},
  pages = {950-960},
  title = {A {{Climatology}} of {{Atmospheric Wavenumber Spectra}} of {{Wind}} and {{Temperature Observed}} by {{Commercial Aircraft}}},
  volume = {42}
}

@book{Nazarenko2011,
  author = {Nazarenko, S.},
  date = {2011},
  publisher = {{Springer Verlag}},
  title = {Wave Turbulence}
}

@article{nikurashin_theory_2012,
  author = {Nikurashin, Maxim and Vallis, Geoffrey},
  date = {2012-10},
  doi = {10.1175/JPO-D-11-0189.1},
  issn = {0022-3670, 1520-0485},
  journaltitle = {J. Phys. Oceanogr.},
  langid = {english},
  number = {10},
  pages = {1652-1667},
  title = {A {{Theory}} of the {{Interhemispheric Meridional Overturning Circulation}} and {{Associated Stratification}}},
  volume = {42}
}

@article{Nilsson,
  author = {Nilsson, Johan and Brostr\"om, G\"oran and Walin, G\"osta},
  date = {2003},
  journaltitle = {J Phys Ocean.},
  number = {12},
  pages = {2781-2795},
  title = {The Thermohaline Circulation and Vertical Mixing: Does Weaker Density Stratification Give Stronger Overturning?},
  volume = {33}
}

@online{noauthor_budapest_2002,
  date = {2002},
  title = {Budapest {{Open Access Initiative}}},
  url = {https://www.budapestopenaccessinitiative.org/read}
}

@online{noauthor_matlab_2019,
  date = {2019-04-28},
  shorttitle = {{{MATLAB}} vs. {{Python}}},
  title = {{{MATLAB}} vs. {{Python}}: {{Top Reasons}} to {{Choose MATLAB}} - {{MATLAB}} \& {{Simulink}}},
  url = {https://web.archive.org/web/20190428171256/https://www.mathworks.com/products/matlab/matlab-vs-python.html}
}

@article{nosek_promoting_2015,
  author = {Nosek, B. A. and Alter, G. and Banks, G. C. and Borsboom, D. and Bowman, S. D. and Breckler, S. J. and Buck, S. and Chambers, C. D. and Chin, G. and Christensen, G. and Contestabile, M. and Dafoe, A. and Eich, E. and Freese, J. and Glennerster, R. and Goroff, D. and Green, D. P. and Hesse, B. and Humphreys, M. and Ishiyama, J. and Karlan, D. and Kraut, A. and Lupia, A. and Mabry, P. and Madon, T. and Malhotra, N. and Mayo-Wilson, E. and McNutt, M. and Miguel, E. and Paluck, E. Levy and Simonsohn, U. and Soderberg, C. and Spellman, B. A. and Turitto, J. and VandenBos, G. and Vazire, S. and Wagenmakers, E. J. and Wilson, R. and Yarkoni, T.},
  date = {2015-06-26},
  doi = {10.1126/science.aab2374},
  eprint = {26113702},
  eprinttype = {pmid},
  issn = {0036-8075, 1095-9203},
  journaltitle = {Science},
  langid = {english},
  number = {6242},
  pages = {1422-1425},
  title = {Promoting an Open Research Culture},
  volume = {348}
}

@article{ogura_energy_1962,
  author = {Ogura, Yoshimitsu},
  date = {1962-04-01},
  doi = {10.1063/1.1706631},
  issn = {0031-9171},
  journaltitle = {The Physics of Fluids},
  number = {4},
  pages = {395-401},
  title = {Energy {{Transfer}} in a {{Normally Distributed}} and {{Isotropic Turbulent Velocity Field}} in {{Two Dimensions}}},
  volume = {5}
}

@article{onsager_statistical_1949,
  author = {Onsager, L.},
  date = {1949-03-01},
  doi = {10.1007/BF02780991},
  issn = {1827-6121},
  journaltitle = {Nuovo Cim},
  langid = {english},
  number = {2},
  pages = {279-287},
  title = {Statistical Hydrodynamics},
  volume = {6}
}

@article{Osborn,
  author = {Osborn, TR},
  date = {1980},
  journaltitle = {J Phys Ocean.},
  number = {1},
  pages = {83-89},
  title = {Estimates of the Local Rate of Vertical Diffusion from Dissipation Measurements},
  volume = {10}
}

@article{OsbornCox,
  author = {Osborn, Thomas R and Cox, Charles S},
  date = {1972},
  journaltitle = {Geophys Fluid Dyn},
  number = {1},
  pages = {321-345},
  title = {Oceanic Fine Structure},
  volume = {3}
}

@article{ousterhout_scripting_1998,
  author = {Ousterhout, J. K.},
  date = {1998-03},
  doi = {10.1109/2.660187},
  issn = {0018-9162},
  journaltitle = {Computer},
  keywords = {21st Century,Algorithm design and analysis,Application software,Assembly systems,authoring languages,Automatic generation control,Buildings,C,C++,Computer aided instruction,Computer languages,data structures,higher level programming,Perl,Program processors,programming,Programming profession,Registers,scripting,scripting languages,software components,system programming languages,Tcl},
  number = {3},
  pages = {23-30},
  shorttitle = {Scripting},
  title = {Scripting: Higher Level Programming for the 21st {{Century}}},
  volume = {31}
}

@article{pekurovsky2012p3dfft,
  author = {Pekurovsky, Dmitry},
  date = {2012},
  journaltitle = {SIAM J. Sci. Comput.},
  number = {4},
  pages = {C192-C209},
  publisher = {{SIAM}},
  title = {{{P3DFFT}}: {{A}} Framework for Parallel Computations of {{Fourier}} Transforms in Three Dimensions},
  volume = {34}
}

@article{peng_reproducible_2011,
  author = {Peng, Roger D.},
  date = {2011-12-02},
  doi = {10.1126/science.1213847},
  eprint = {22144613},
  eprinttype = {pmid},
  issn = {0036-8075, 1095-9203},
  journaltitle = {Science},
  langid = {english},
  number = {6060},
  pages = {1226-1227},
  title = {Reproducible {{Research}} in {{Computational Science}}},
  volume = {334}
}

@article{peng_reproducible_2011,
  author = {Peng, Roger D.},
  copyright = {Copyright \textcopyright{} 2011, American Association for the Advancement of Science},
  date = {2011-12},
  doi = {10.1126/science.1213847},
  issn = {0036-8075, 1095-9203},
  journaltitle = {Science},
  number = {6060},
  pages = {1226-1227},
  pmid = {22144613},
  title = {Reproducible {{Research}} in {{Computational Science}}},
  volume = {334}
}

@article{peters_zenodo_2017,
  author = {Peters, Isabella and Kraker, Peter and Lex, Elisabeth and Gumpenberger, Christian and Gorraiz, Juan Ignacio},
  date = {2017},
  doi = {10.3389/frma.2017.00013},
  issn = {2504-0537},
  journaltitle = {Front. Res. Metr. Anal.},
  keywords = {Altmetrics,Bibliometrics,Citation analysis,Data citation,repository,Zenodo},
  langid = {english},
  title = {Zenodo in the {{Spotlight}} of {{Traditional}} and {{New Metrics}}},
  volume = {2}
}

@article{peters_zenodo_2017,
  author = {Peters, Isabella and Kraker, Peter and Lex, Elisabeth and Gumpenberger, Christian and Gorraiz, Juan Ignacio},
  date = {2017},
  doi = {10.3389/frma.2017.00013},
  issn = {2504-0537},
  journaltitle = {Front. Res. Metr. Anal.},
  keywords = {Altmetrics,Bibliometrics,Citation analysis,Data citation,repository,Zenodo},
  title = {Zenodo in the {{Spotlight}} of {{Traditional}} and {{New Metrics}}},
  volume = {2}
}

@book{Phillips,
  author = {Phillips, Owen M.},
  date = {1966},
  eprinttype = {googlebooks},
  langid = {english},
  pagetotal = {348},
  publisher = {{Cambridge University Press}},
  title = {The {{Dynamics}} of the {{Upper Ocean}}}
}

@article{pippig_pfft2013,
  author = {Pippig, Michael},
  date = {2013},
  journaltitle = {SIAM J. Sci. Comput.},
  number = {3},
  pages = {C213-C236},
  shorttitle = {{{PFFT}}},
  title = {{{PFFT}}: {{An}} Extension of {{FFTW}} to Massively Parallel Architectures},
  volume = {35}
}

@article{Polvani1994,
  author = {Polvani, L. M. and McWilliams, J. C. and Spall, M. A. and Ford, R.},
  date = {1994},
  journaltitle = {Chaos},
  pages = {177-186},
  title = {The Coherent Structures of Shallow-Water Turbulence: Deformation-Radius Effects, Cyclone/Anti-Cyclone Asymmetry, and Gravity-Wave Generation},
  volume = {4}
}

@article{PolvaniMcWilliamsSpallFord1994,
  author = {Polvani, L. M. and McWilliams, J. C. and Spall, M. A. and Ford, R.},
  date = {1994},
  doi = {10.1063/1.166002},
  journaltitle = {Chaos},
  number = {2},
  pages = {177-186},
  title = {The Coherent Structures of Shallow-Water Turbulence: {{Deformation}}-Radius Effects, Cyclone/Anticyclone Asymmetry and Gravity-Wave Generation},
  volume = {4}
}

@book{Pope,
  author = {Pope, S.B.},
  date = {2000},
  publisher = {{Cambridge University Press}},
  title = {Turbulent {{Flows}}}
}

@article{PraudFinchamSommeria2005,
  author = {Praud, Olivier and Fincham, Adam M. and Sommeria, Joel},
  date = {2005-01},
  doi = {10.1017/S002211200400120X},
  issn = {1469-7645, 0022-1120},
  journaltitle = {J. Fluid Mech.},
  langid = {english},
  pages = {1-33},
  title = {Decaying Grid Turbulence in a Strongly Stratified Fluid},
  volume = {522}
}

@article{PraudFinchamSommeria2005,
  author = {Praud, Olivier and Fincham, Adam M and Sommeria, Joel},
  date = {2005},
  journaltitle = {J Fluid Mech},
  pages = {1-33},
  title = {Decaying Grid Turbulence in a Strongly Stratified Fluid},
  volume = {522}
}

@article{prechelt_empirical_2000,
  author = {Prechelt, L.},
  date = {2000-10},
  doi = {10.1109/2.876288},
  issn = {0018-9162},
  journaltitle = {Computer},
  keywords = {authoring languages,C language,C++,C++ language,Computer languages,Java,memory consumption,Perl,phone-code program,Production,program language performance,program length,Program processors,programming,programming language comparison,Programming profession,Python,Read-write memory,Rexx,Runtime,runtime efficiency,software reliability,Statistics,Sun,Tcl,Workstations},
  number = {10},
  pages = {23-29},
  title = {An Empirical Comparison of Seven Programming Languages},
  volume = {33}
}

@article{PromentNazarenkoOnorato2012,
  author = {Proment, D. and Nazarenko, S. and Onorato, M.},
  date = {2012},
  doi = {10.1016/j.physd.2011.06.007},
  journaltitle = {Phys. D},
  number = {3},
  pages = {304-314},
  title = {Sustained Turbulence in the Three-Dimensional {{Gross}}\textendash{{Pitaevskii}} Model},
  volume = {241}
}

@article{proudman_motion_1916,
  author = {Proudman, Joseph and Horace, Lamb},
  date = {1916-07-01},
  doi = {10.1098/rspa.1916.0026},
  journaltitle = {Proceedings of the Royal Society of London. Series A, Containing Papers of a Mathematical and Physical Character},
  number = {642},
  pages = {408-424},
  title = {On the Motion of Solids in a Liquid Possessing Vorticity},
  volume = {92}
}

@article{QiangLi2017,
  author = {Li, Q. and Lindorg, E.},
  date = {2017},
  journaltitle = {J Atmos Sci},
  title = {Weakly or Strongly Nonlinear Mesoscale Dynamics near the Tropopuase},
  volume = {Under Revision}
}

@inproceedings{ramachandran_pysph_2016,
  author = {Ramachandran, Prabhu},
  booktitle = {Proceedings of the 15th {{Python}} in {{Science Conference}}},
  date = {2016},
  doi = {10.25080/Majora-629e541a-011},
  editor = {Benthall, Sebastian and Rostrup, Scott},
  pages = {122-129},
  title = {{{PySPH}}: A Reproducible and High-Performance Framework for Smoothed Particle Hydrodynamics}
}

@book{raymond_cathedral_1999,
  author = {Raymond, Eric S},
  date = {1999},
  isbn = {978-1-56592-724-7},
  langid = {english},
  location = {{Beijing; Cambridge, Mass.}},
  note = {OCLC: 42420737},
  publisher = {{O'Reilly}},
  shorttitle = {The Cathedral \& the Bazaar},
  title = {The Cathedral \& the Bazaar: Musings on {{Linux}} and Open Source by an Accidental Revolutionary}
}

@article{RichardGavrilyuk2013,
  author = {Richard, G. L. and Gavrilyuk, S. L.},
  date = {2013-05},
  doi = {10.1017/jfm.2013.174},
  issn = {1469-7645},
  journaltitle = {J Fluid Mech},
  numpages = {30},
  pages = {492-521},
  title = {The Classical Hydraulic Jump in a Model of Shear Shallow-Water Flows},
  volume = {725}
}

@book{richardson_weather_1922,
  author = {Richardson, Lewis F},
  date = {1922},
  langid = {english},
  location = {{Cambridge}},
  note = {OCLC: 3494280},
  publisher = {{University Press}},
  title = {Weather Prediction by Numerical Process}
}

@article{riley_direct_1981,
  author = {Riley, James J. and Metcalfe, Ralph W. and Weissman, Michael A.},
  date = {1981-12-01},
  doi = {10.1063/1.33198},
  issn = {0094-243X},
  journaltitle = {AIP Conference Proceedings},
  number = {1},
  pages = {79-112},
  title = {Direct Numerical Simulations of Homogeneous Turbulence in Density-stratified Fluids},
  volume = {76}
}

@article{riley_dynamics_2003,
  author = {Riley, James J. and {deBruynKops}, Stephen M.},
  date = {2003-06-06},
  doi = {10.1063/1.1578077},
  issn = {1070-6631},
  journaltitle = {Physics of Fluids},
  number = {7},
  pages = {2047-2059},
  title = {Dynamics of Turbulence Strongly Influenced by Buoyancy},
  volume = {15}
}

@article{riley_fluid_2000,
  author = {Riley, James J and Lelong, Marie-pascale},
  date = {2000},
  journaltitle = {Annu Rev Fluid Mech},
  keywords = {geophysical fluid mechanics,rotation,Turbulence},
  pages = {613-657},
  title = {Fluid {{Motions}} in the {{Presence}} of {{Strong Stable Stratification}}}
}

@article{RileyDeBruynKops2003,
  author = {Riley, J. J. and family=Bruyn Kops, given=S. M., prefix=de, useprefix=true},
  date = {2003},
  journaltitle = {Phys Fluids},
  number = {7},
  pages = {2047-2059},
  title = {Dynamics of Turbulence Strongly Influenced by Buoyancy},
  volume = {15}
}

@article{RileyDeBruynKops2003,
  author = {Riley, J. J. and family=Bruyn Kops, given=S. M., prefix=de, useprefix=true},
  date = {2003},
  journaltitle = {Phys Fluids},
  number = {7},
  pages = {2047-2059},
  title = {Dynamics of Turbulence Strongly Influenced by Buoyancy},
  volume = {15}
}

@article{RileyLindborg2008,
  author = {Riley, James J. and Lindborg, Erik},
  date = {2008-07-01},
  doi = {10.1175/2007JAS2455.1},
  issn = {0022-4928},
  journaltitle = {J. Atmos. Sci.},
  keywords = {\#nosource},
  number = {7},
  pages = {2416-2424},
  shorttitle = {Stratified {{Turbulence}}},
  title = {Stratified {{Turbulence}}: {{A Possible Interpretation}} of {{Some Geophysical Turbulence Measurements}}},
  volume = {65}
}

@article{RileyLindborg2008,
  author = {Riley, J. J. and Lindborg, E.},
  date = {2008},
  journaltitle = {J Atmos Sci},
  pages = {\{2416-2424\}},
  title = {Stratified {{Turbulence}}: {{A Possible Interpretation}} of {{Some Geophysical Turbulence Measurements}}},
  volume = {65}
}

@article{Rohr1988,
  author = {Rohr, JJ and Itsweire, EC and Helland, KN and Van Atta, CW},
  date = {1988},
  journaltitle = {J Fluid Mech},
  pages = {77-111},
  title = {Growth and Decay of Turbulence in a Stably Stratified Shear Flow},
  volume = {195}
}

@book{royal_society_great_britain_science_2012,
  author = {{Royal Society (Great Britain)} and {Policy Studies Unit}},
  date = {2012},
  isbn = {978-0-85403-962-3},
  langid = {english},
  note = {OCLC: 801537812},
  title = {Science as an Open Enterprise.},
  url = {https://royalsociety.org/~/media/Royal_Society_Content/policy/projects/sape/2012-06-20-SAOE.pdf}
}

@article{Sadourny1975,
  author = {Sadourny, R.},
  date = {1975},
  journaltitle = {J Atmos Sci},
  number = {4},
  pages = {680-689},
  title = {The Dynamics of Finite-Difference Models of the Shallow-Water Equations},
  volume = {32}
}

@article{salort2018,
  author = {Salort, Julien and Rusaou\"en, \'El\'eonore and Robert, Laurent and Du Puits, Ronald and Loesch, Alice and Pirotte, Olivier and Roche, Philippe-E and Castaing, Bernard and Chill\`a, Francesca},
  date = {2018},
  journaltitle = {Rev. Sci. Instrum.},
  number = {1},
  pages = {015005},
  title = {A Local Sensor for Joint Temperature and Velocity Measurements in Turbulent Flows},
  volume = {89}
}

@article{scarano_tomographic_2013,
  author = {Scarano, F},
  date = {2013-01-01},
  doi = {10.1088/0957-0233/24/1/012001},
  issn = {0957-0233, 1361-6501},
  journaltitle = {Meas. Sci. Technol.},
  number = {1},
  pages = {012001},
  shorttitle = {Tomographic {{PIV}}},
  title = {Tomographic {{PIV}}: Principles and Practice},
  volume = {24}
}

@article{Shih,
  author = {Shih, Lucinda H and Koseff, Jeffrey R and Ivey, Gregory N and Ferziger, Joel H},
  date = {2005},
  journaltitle = {J Fluid Mech},
  pages = {193-214},
  title = {Parameterization of Turbulent Fluxes and Scales Using Homogeneous Sheared Stably Stratified Turbulence Simulations},
  volume = {525}
}

@article{showman_numerical_2007,
  author = {Showman, Adam P.},
  date = {2007-09},
  doi = {10.1175/JAS4007.1},
  issn = {0022-4928, 1520-0469},
  journaltitle = {J. Atmospheric Sci.},
  langid = {english},
  number = {9},
  pages = {3132-3157},
  shorttitle = {Numerical {{Simulations}} of {{Forced Shallow}}-{{Water Turbulence}}},
  title = {Numerical {{Simulations}} of {{Forced Shallow}}-{{Water Turbulence}}: {{Effects}} of {{Moist Convection}} on the {{Large}}-{{Scale Circulation}} of {{Jupiter}} and {{Saturn}}},
  volume = {64}
}

@article{Shrira1986,
  author = {Shrira, VI},
  date = {1986},
  journaltitle = {Akad. Nauk SSSR Izv. Fiz. Atmos. Okeana},
  pages = {395-405},
  title = {Long Strongly Nonlinear Waves in a Rotating Ocean},
  volume = {22}
}

@article{Skamarock-Park-Klemp-Snyder:2014,
  author = {Skamarock, W. C. and Park, S. H. and Klemp, J. B. and Snyder, C.},
  date = {2014},
  doi = {10.1175/JAS-D-14-0114.1},
  journaltitle = {J Atmos Sci},
  number = {11},
  pages = {4369-4381},
  title = {Atmospheric Kinetic Energy Spectra from Global High-Resolution Nonhydrostatic Simulations},
  volume = {71}
}

@article{Skamarock2004,
  author = {Skamarock, W. C.},
  date = {2004},
  journaltitle = {Mon Weather Rev},
  number = {12},
  pages = {3019-3032},
  title = {Evaluating Mesoscale {{NWP}} Models Using Kinetic Energy Spectra},
  volume = {132}
}

@article{smith_finite-size_1994,
  author = {Smith, Leslie M. and Yakhot, Victor},
  date = {1994-09},
  doi = {10.1017/S0022112094002065},
  issn = {1469-7645, 0022-1120},
  journaltitle = {J. Fluid Mech.},
  langid = {english},
  pages = {115-138},
  title = {Finite-Size Effects in Forced Two-Dimensional Turbulence},
  volume = {274}
}

@online{smith_notes_2018,
  author = {Smith, Nathaniel J.},
  date = {2018},
  title = {Notes on Structured Concurrency, or: {{Go}} Statement Considered Harmful},
  url = {https://vorpus.org/blog/notes-on-structured-concurrency-or-go-statement-considered-harmful/}
}

@software{smith_trio_2017,
  author = {Smith, Nathaniel J.},
  date = {2017},
  title = {Trio: A Friendly {{Python}} Library for Async Concurrency and {{I}}/{{O}}},
  url = {https://trio.readthedocs.io/en/latest/index.html}
}

@software{sommeria_uvmat_2008,
  author = {Sommeria, Joel},
  date = {2008},
  title = {{{UVMAT}} - {{Free Matlab GUI}} for {{PIV}}},
  url = {http://servforge.legi.grenoble-inp.fr/projects/soft-uvmat}
}

@article{sommeria_uvmat_2008,
  author = {Sommeria, Joel},
  copyright = {GNU General Public License v2.0},
  date = {2008},
  title = {{{UVMAT}} - {{Free Matlab GUI}} for {{PIV}}}
}

@article{SpallMcWilliams1992,
  author = {Spall, M. A. and McWilliams, J. C.},
  date = {1992},
  doi = {10.1080/03091929208228083},
  journal-iso = {Geophys. Astrophys. Fluid Dyn.},
  journaltitle = {Geophys Astrophys Fluid Dyn},
  keywords = {\#nosource},
  number = {1-4},
  pages = {1-29},
  title = {Rotational and Gravitational Influences on the Degree of Balance in the Shallow-Water Equations},
  volume = {64}
}

@article{Stein1967,
  author = {Stein, Robert F. and Spiegel, E. A.},
  date = {1967-10-01},
  doi = {10.1121/1.1910659},
  issn = {0001-4966},
  journaltitle = {The Journal of the Acoustical Society of America},
  number = {4},
  pages = {866-869},
  title = {Radiative {{Damping}} of {{Sound Waves}}},
  volume = {42}
}

@article{Stillinger1983,
  author = {Stillinger, DC and Helland, KN and Van Atta, CW},
  date = {1983},
  journaltitle = {J Fluid Mech},
  pages = {91-122},
  title = {Experiments on the Transition of Homogeneous Turbulence to Internal Waves in a Stratified Fluid},
  volume = {131}
}

@article{TakahashiHamiltonOhfuchi2006,
  author = {Takahashi, Yoshiyuki O. and Hamilton, Kevin and Ohfuchi, Wataru},
  date = {2006},
  journaltitle = {Geophys Res Lett},
  number = {12},
  pages = {1-4},
  title = {Explicit Global Simulation of the Mesoscale Spectrum of Atmospheric Motions},
  volume = {33}
}

@article{taschuk_ten_2017,
  author = {Taschuk, Morgan and Wilson, Greg},
  date = {2017-04-13},
  doi = {10.1371/journal.pcbi.1005412},
  issn = {1553-7358},
  journaltitle = {PLOS Computational Biology},
  keywords = {Bioinformatics,Computer software,Operating systems,Reproducibility,Sequence alignment,Software development,Software engineering,Software tools},
  langid = {english},
  number = {4},
  pages = {e1005412},
  title = {Ten Simple Rules for Making Research Software More Robust},
  volume = {13}
}

@article{taylor_motion_1917,
  author = {Taylor, G. I.},
  date = {1917-03-01},
  doi = {10.1098/rspa.1917.0007},
  issn = {1364-5021, 1471-2946},
  journaltitle = {Proceedings of the Royal Society A: Mathematical, Physical and Engineering Sciences},
  langid = {english},
  number = {648},
  pages = {99-113},
  title = {Motion of {{Solids}} in {{Fluids When}} the {{Flow}} Is {{Not Irrotational}}},
  volume = {93}
}

@article{taylor_statistical_1935,
  author = {Taylor, G I},
  date = {1935},
  doi = {10.1098/rspa.1935.0158},
  journaltitle = {Proc Roy Soc Lond A},
  langid = {english},
  pages = {25},
  title = {Statistical {{Theory}} of {{Turbulence}}},
  volume = {151}
}

@book{TennekesLumley,
  author = {Tennekes, H. and Lumley, J.L.},
  date = {1972},
  publisher = {{MIT Press}},
  title = {A {{First Course}} in {{Turbulence}}}
}

@article{tsai_versatile_1987,
  author = {Tsai, Roger Y.},
  date = {1987},
  journaltitle = {IEEE J. Robot. Autom.},
  number = {4},
  pages = {323-344},
  title = {A {{Versatile Camera Calibration Technique}} for {{High}}-{{Accuracy 3D Machine Vision Metrology Using Off}}-the-Shelf {{TV Cameras}} and {{Lenses}}},
  volume = {13}
}

@article{tsai_versatile_1987,
  author = {Tsai, Roger Y.},
  date = {1987},
  journaltitle = {IEEE J. Robot. Autom.},
  number = {4},
  pages = {323-344},
  title = {A {{Versatile Camera Calibration Technique}} for {{High}}-{{Accuracy 3D Machine Vision Metrology Using Off}}-the-Shelf {{TV Cameras}} and {{Lenses}}},
  volume = {13}
}

@article{tung_k3_2003,
  author = {Tung, Ka Kit and Orlando, Wendell Welch},
  date = {2003-03-01},
  doi = {10.1175/1520-0469(2003)060<0824:TKAKES>2.0.CO;2},
  issn = {0022-4928},
  journaltitle = {J. Atmos. Sci.},
  number = {6},
  pages = {824-835},
  shorttitle = {The K-3 and K-5/3 {{Energy Spectrum}} of {{Atmospheric Turbulence}}},
  title = {The K-3 and K-5/3 {{Energy Spectrum}} of {{Atmospheric Turbulence}}: {{Quasigeostrophic Two}}-{{Level Model Simulation}}},
  volume = {60}
}

@article{Tung-Orlando:2003,
  author = {Tung, K. K. and Orlando, W. W.},
  date = {2003},
  doi = {10.1175/1520-0469(2003)060<0824:TKAKES>2.0.CO;2},
  journaltitle = {J Atmos Sci},
  number = {6},
  pages = {824-835},
  title = {The K{$^{-3}$} and K{\textsuperscript{-5/3}} Energy Spectrum of Atmospheric Turbulence: {{Quasigeostrophic}} Two-Level Model Simulation},
  volume = {60}
}

@article{vallgren_possible_2011-1,
  author = {Vallgren, Andreas and Deusebio, Enrico and Lindborg, Erik},
  date = {2011-12-20},
  doi = {10.1103/PhysRevLett.107.268501},
  journaltitle = {Phys. Rev. Lett.},
  number = {26},
  pages = {268501},
  title = {Possible {{Explanation}} of the {{Atmospheric Kinetic}} and {{Potential Energy Spectra}}},
  volume = {107}
}

@book{vallis_atmospheric_2017,
  author = {Vallis, Geoffrey K.},
  date = {2017},
  doi = {10.1017/9781107588417},
  edition = {2},
  isbn = {978-1-107-58841-7},
  langid = {english},
  location = {{Cambridge}},
  publisher = {{Cambridge University Press}},
  shorttitle = {Atmospheric and {{Oceanic Fluid Dynamics}}},
  title = {Atmospheric and {{Oceanic Fluid Dynamics}}: {{Fundamentals}} and {{Large}}-{{Scale Circulation}}},
  url = {http://ebooks.cambridge.org/ref/id/CBO9781107588417}
}

@book{Vallis:book,
  author = {Vallis, G. K.},
  date = {2006},
  publisher = {{Cambridge University Press}},
  title = {Atmospheric and {{Oceanic Fluid Dynamics}}}
}

@book{VallisLIVRE2006,
  author = {Vallis, G. K.},
  date = {2006},
  publisher = {{Cambridge University Press}},
  title = {Atmospheric and {{Oceanic Fluid Dynamics}}}
}

@article{VanAtta_Antonia1980,
  author = {Atta, C.W. Van and Antonia, R.A.},
  date = {1980},
  journaltitle = {Phys Fluids},
  pages = {252-257},
  title = {Reynolds Number Dependence of Skewness and Flatmenss Factor of Turbulent Velocity Derivatives},
  volume = {23}
}

@article{Vanneste2013,
  author = {Vanneste, J.},
  date = {2013},
  doi = {10.1146/annurev-fluid-011212-140730},
  journaltitle = {Annu Rev Fluid Mech},
  pages = {147-172},
  title = {Balance and Spontaneous Wave Generation in Geophysical Flows},
  volume = {45}
}

@article{Vassilicos2015,
  author = {Vassilicos, J.C.},
  date = {2015},
  journaltitle = {Ann Rev Fluid Mech},
  pages = {171-199},
  title = {Dissipation in Turbulent Flows},
  volume = {1}
}

@article{vinnichenko_kinetic_1970,
  author = {Vinnichenko, N. K.},
  date = {1970-04},
  doi = {10.1111/j.2153-3490.1970.tb01517.x},
  issn = {00402826, 21533490},
  journaltitle = {Tellus},
  langid = {english},
  number = {2},
  pages = {158-166},
  title = {The Kinetic Energy Spectrum in the Free Atmosphere-1 Second to 5 Years},
  volume = {22}
}

@article{waite_stratified_2004-1,
  author = {Waite, Michael L. and Bartello, Peter},
  date = {2004-09},
  doi = {10.1017/S0022112004000977},
  issn = {1469-7645, 0022-1120},
  journaltitle = {J. Fluid Mech.},
  langid = {english},
  pages = {281-308},
  title = {Stratified Turbulence Dominated by Vortical Motion},
  volume = {517}
}

@article{waite_stratified_2006,
  author = {Waite, Michael L. and Bartello, Peter},
  date = {2006-01},
  doi = {10.1017/S0022112005007111},
  issn = {1469-7645, 0022-1120},
  journaltitle = {J. Fluid Mech.},
  langid = {english},
  pages = {313-339},
  title = {Stratified Turbulence Generated by Internal Gravity Waves},
  volume = {546}
}

@article{waite_transition_2006,
  author = {Waite, Michael L. and Bartello, Peter},
  date = {2006-12},
  doi = {10.1017/S0022112006002060},
  issn = {1469-7645, 0022-1120},
  journaltitle = {J. Fluid Mech.},
  langid = {english},
  pages = {89-108},
  title = {The Transition from Geostrophic to Stratified Turbulence},
  volume = {568}
}

@article{Waite-Bartello:2004,
  author = {Waite, M. and Bartello, P.},
  date = {2004},
  doi = {10.1017/S0022112004000977},
  journaltitle = {J Fluid Mech},
  pages = {28-308},
  title = {Stratified Turbulence Dominated by Vortical Motion},
  volume = {517}
}

@article{Waite-Snyder:2013,
  author = {Waite, M. L. and Snyder, C.},
  date = {2013},
  doi = {10.1175/JAS-D-11-0347.1},
  journaltitle = {J Atmos Sci},
  number = {4},
  pages = {1242-1256},
  title = {Mesoscale {{Energy Spectra}} in {{Moist Baroclinic Waves}}},
  volume = {70}
}

@article{Warn1986,
  author = {Warn, T.},
  date = {1986},
  journaltitle = {Tellus Ser -Dyn Meteorol Ocean.},
  keywords = {\#nosource},
  number = {1},
  pages = {1-11},
  title = {Statistical Mechanical Equilibria of the Shallow-Water Equations},
  volume = {38}
}

@article{Weinan,
  author = {Weinan, E and Khanin, Konstantin and Mazel, Alexandre and Sinai, Yakov},
  date = {1997-03-10},
  doi = {10.1103/PhysRevLett.78.1904},
  journaltitle = {Phys. Rev. Lett.},
  number = {10},
  pages = {1904-1907},
  title = {Probability {{Distribution Functions}} for the {{Random Forced Burgers Equation}}},
  volume = {78}
}

@article{WeinanKhaninMazelSinai1997,
  author = {Weinan, E and Khanin, K and Mazel, A and Sinai, Y},
  date = {1997},
  journaltitle = {Phys Rev Lett},
  number = {10},
  pages = {1904-1907},
  title = {Probability Distribution Functions for the Random Forced Burgers Equation},
  volume = {78}
}

@article{wellck_effect_1971,
  author = {Wellck, Robert E. and Kasahara, AKlRA and Washington, Warren M. and Santo, Gloria De},
  date = {1971-09-01},
  doi = {10.1175/1520-0493(1971)099<0673:EOHRIA>2.3.CO;2},
  issn = {0027-0644},
  journaltitle = {Mon. Wea. Rev.},
  number = {9},
  pages = {673-683},
  title = {Effect of Horizontal Resolution in a Finite-Difference Model of the General Circulation},
  volume = {99}
}

@book{Whitham,
  author = {Whitham, G.B.},
  date = {1974},
  publisher = {{John Wiliey \& Sons}},
  title = {Linear and Nonlinear Wavesw}
}

@article{wilkinson_fair_2016,
  author = {Wilkinson, Mark D. and Dumontier, Michel and Aalbersberg, IJsbrand Jan and Appleton, Gabrielle and Axton, Myles and Baak, Arie and Blomberg, Niklas and Boiten, Jan-Willem and family=Silva Santos, given=Luiz Bonino, prefix=da, useprefix=true and Bourne, Philip E. and Bouwman, Jildau and Brookes, Anthony J. and Clark, Tim and Crosas, Merc\`e and Dillo, Ingrid and Dumon, Olivier and Edmunds, Scott and Evelo, Chris T. and Finkers, Richard and Gonzalez-Beltran, Alejandra and Gray, Alasdair J. G. and Groth, Paul and Goble, Carole and Grethe, Jeffrey S. and Heringa, Jaap and family=Hoen, given=Peter A. C., prefix='t, useprefix=true and Hooft, Rob and Kuhn, Tobias and Kok, Ruben and Kok, Joost and Lusher, Scott J. and Martone, Maryann E. and Mons, Albert and Packer, Abel L. and Persson, Bengt and Rocca-Serra, Philippe and Roos, Marco and family=Schaik, given=Rene, prefix=van, useprefix=true and Sansone, Susanna-Assunta and Schultes, Erik and Sengstag, Thierry and Slater, Ted and Strawn, George and Swertz, Morris A. and Thompson, Mark and family=Lei, given=Johan, prefix=van der, useprefix=true and family=Mulligen, given=Erik, prefix=van, useprefix=true and Velterop, Jan and Waagmeester, Andra and Wittenburg, Peter and Wolstencroft, Katherine and Zhao, Jun and Mons, Barend},
  date = {2016-03-15},
  doi = {10.1038/sdata.2016.18},
  issn = {2052-4463},
  journaltitle = {Sci. Data},
  langid = {english},
  pages = {160018},
  title = {The {{FAIR Guiding Principles}} for Scientific Data Management and Stewardship},
  volume = {3}
}

@article{wilkinson_fair_2016,
  author = {Wilkinson, Mark D. and Dumontier, Michel and Aalbersberg, IJsbrand Jan and Appleton, Gabrielle and Axton, Myles and Baak, Arie and Blomberg, Niklas and Boiten, Jan-Willem and family=Silva Santos, given=Luiz Bonino, prefix=da, useprefix=true and Bourne, Philip E. and Bouwman, Jildau and Brookes, Anthony J. and Clark, Tim and Crosas, Merc\`e and Dillo, Ingrid and Dumon, Olivier and Edmunds, Scott and Evelo, Chris T. and Finkers, Richard and Gonzalez-Beltran, Alejandra and Gray, Alasdair J. G. and Groth, Paul and Goble, Carole and Grethe, Jeffrey S. and Heringa, Jaap and family=Hoen, given=Peter A. C., prefix='t, useprefix=true and Hooft, Rob and Kuhn, Tobias and Kok, Ruben and Kok, Joost and Lusher, Scott J. and Martone, Maryann E. and Mons, Albert and Packer, Abel L. and Persson, Bengt and Rocca-Serra, Philippe and Roos, Marco and family=Schaik, given=Rene, prefix=van, useprefix=true and Sansone, Susanna-Assunta and Schultes, Erik and Sengstag, Thierry and Slater, Ted and Strawn, George and Swertz, Morris A. and Thompson, Mark and family=Lei, given=Johan, prefix=van der, useprefix=true and family=Mulligen, given=Erik, prefix=van, useprefix=true and Velterop, Jan and Waagmeester, Andra and Wittenburg, Peter and Wolstencroft, Katherine and Zhao, Jun and Mons, Barend},
  copyright = {2016 Nature Publishing Group},
  date = {2016-03},
  doi = {10.1038/sdata.2016.18},
  issn = {2052-4463},
  journaltitle = {Sci. Data},
  pages = {160018},
  title = {The {{FAIR Guiding Principles}} for {{Scientific Data Management}} and {{Stewardship}}},
  volume = {3}
}

@article{wilson_best_2014,
  author = {Wilson, Greg and Aruliah, D. A. and Brown, C. Titus and Hong, Neil P. Chue and Davis, Matt and Guy, Richard T. and Haddock, Steven H. D. and Huff, Kathryn D. and Mitchell, Ian M. and Plumbley, Mark D. and Waugh, Ben and White, Ethan P. and Wilson, Paul},
  date = {2014-01},
  doi = {10.1371/journal.pbio.1001745},
  issn = {1545-7885},
  journaltitle = {PLOS Biol.},
  keywords = {Computer software,Computers,Open source software,Programming languages,Research validity,Scientists,Software development,Software tools},
  langid = {english},
  number = {1},
  pages = {1-7},
  title = {Best {{Practices}} for {{Scientific Computing}}},
  volume = {12}
}

@article{Wirth2013,
  author = {Wirth, A.},
  date = {2013},
  journaltitle = {Nonlin Process. Geophys},
  pages = {25-34},
  title = {Inertia-Gravity Waves Generated by near Balanced Flow in 2-Layer Shallow Water Turbulence on the {$\beta$}-Plane},
  volume = {20}
}

@article{Xia2011,
  author = {Xia, H. and Byrne, D. and Falkovich, G. and Shats, M.},
  date = {2011-04},
  doi = {10.1038/nphys1910},
  issn = {1745-2481},
  journaltitle = {Nat. Phys.},
  langid = {english},
  number = {4},
  pages = {321-324},
  title = {Upscale Energy Transfer in Thick Turbulent Fluid Layers},
  volume = {7}
}

@article{yuan_equilibrium_1994,
  author = {Yuan, Li; and Hamilton, K P},
  date = {1994},
  doi = {10.1017/S0022112094002971},
  journaltitle = {J Fluid Mech},
  pages = {369-394},
  title = {Equilibrium Dynamics in a Forced-Dissipative f-Plane Shallow-Water System},
  volume = {280}
}

@article{YuanHamilton1994,
  author = {Yuan, L. and Hamilton, K.},
  date = {1994},
  doi = {10.1017/S0022112094002971},
  journaltitle = {J Fluid Mech},
  pages = {369-394},
  title = {Equilibrium Dynamics in a Forced-Dissipative f-Plane Shallow-Water System},
  volume = {280}
}

@book{ZakharovLvovFalkovich1992,
  author = {Zakharov, V. E. and L'vov, V. S. and Falkovich, G.},
  date = {1992},
  publisher = {{Springer-Verlag}},
  title = {Kolmogorov Spectra of Turbulence 1. {{Wave}} Turbulence.}
}

@article{ZakharovSagdeev1970,
  author = {Zakharov, V.E. and Sagdeev, R.Z.},
  date = {1970},
  journaltitle = {Sov Phys Dokl},
  pages = {439},
  title = {Spectrum of Acoustic Turbulence},
  volume = {15}
}

@article{zhang_flexible_2000,
  author = {Zhang, Z.},
  date = {2000-11},
  doi = {10.1109/34.888718},
  issn = {0162-8828},
  journaltitle = {IEEE Trans. Pattern Anal. Mach. Intell.},
  keywords = {3D computer vision,calibration,Calibration,camera calibration,Cameras,Closed-form solution,Computer simulation,computer vision,Computer vision,flexible technique,geometry,image sensors,Layout,Lenses,matrix algebra,maximum likelihood criterion,maximum likelihood estimation,Maximum likelihood estimation,Nonlinear distortion,optimisation,planar pattern,radial lens distortion,Testing},
  number = {11},
  pages = {1330-1334},
  title = {A Flexible New Technique for Camera Calibration},
  volume = {22}
}

@article{zhang_flexible_2000,
  author = {Zhang, Z.},
  date = {2000},
  doi = {10.1109/34.888718},
  issn = {0162-8828},
  journaltitle = {IEEE Trans. Pattern Anal. Mach. Intell.},
  keywords = {3D computer vision,calibration,Calibration,camera calibration,Cameras,Closed-form solution,Computer simulation,computer vision,Computer vision,flexible technique,geometry,image sensors,Layout,Lenses,matrix algebra,maximum likelihood criterion,maximum likelihood estimation,Maximum likelihood estimation,Nonlinear distortion,optimisation,planar pattern,radial lens distortion,Testing},
  number = {11},
  pages = {1330-1334},
  title = {A Flexible New Technique for Camera Calibration},
  volume = {22}
}


